2864 4344
243 177 282 240 16
435 199 440 224 .
691 173 845 230 enraoxu

238 330 371 394 bootem
386 329 520 394 sudantis
543 329 655 394 acaciae
670 329 735 404 rivi,
758 338 789 392 et
807 329 885 392 inter
907 343 996 411 rugas
1016 329 1161 392 malarum
1183 335 1338 394 tantuma

188 410 229 472 24
241 424 304 480 erat
320 424 429 489 cretae,
448 424 480 478 ut
495 424 613 497 putares
629 417 778 479 detectum
792 416 936 496 parietem
951 415 1053 478 nimbo
1064 415 1207 478 laborare.
1238 435 1302 480 nou

238 502 322 566 tenui
338 520 392 582 ego
408 501 520 566 diutius
535 502 680 575 lacrimas,
697 501 751 564 sed
765 501 802 565 ad
817 501 952 565 ultimam
972 500 1135 582 perductus
1150 501 1302 568 tristitiam

237 588 366 669 ‘quaeso'
378 588 501 668 inquam
512 587 651 662 ‘domina
663 595 742 650 certe
749 587 969 651 embasicoetan
979 586 1109 650 iruseras
1120 587 1202 650 dari'.
1217 607 1301 650 eem-

235 674 326 754 plosit
339 674 387 736 illa
402 674 535 737 tenerius
551 691 658 736 manus
673 682 703 734 et
719 672 765 735 ‘o'
780 674 878 754 inquit
893 673 1057 736 ‘hominem
1073 681 1193 752 acutum
1209 681 1301 755 atque
1319 689 1334 738 a

236 759 412 823 urbanitatis
428 760 603 823 vernaculae
617 763 741 822 fontem.
768 756 863 841 quid?
875 767 909 822 tu
921 777 984 822 non
995 759 1189 833 intellexeras,
1201 758 1302 822 cinae-

237 846 309 908 dum
325 844 546 916 embasicoetan
561 845 658 910 vocari
665 841 691 906 l'
722 844 827 908 deinde
841 853 876 907 ut
890 844 1095 908 contubernali
1110 863 1178 908 meo
1193 845 1303 908 melius

238 932 420 1006 succederet,
443 940 507 1014 ‘per
527 931 625 994 lidem’
649 931 771 1012 inquam
794 938 941 1005 vestram,
963 929 1094 1011 Ascyltos
1114 931 1147 994 in
1167 931 1225 994 boc
1244 932 1301 996 tri-

237 1017 325 1080 clinio
340 1018 422 1080 solus
438 1017 526 1080 ferias
541 1014 636 1097 agitt‘
653 1016 721 1080 ‘ita’
736 1017 835 1098 inquit
849 1017 992 1090 Quartilla
1008 1022 1052 1080 ‘et
1066 1017 1182 1097 Ascylto
1199 1019 1301 1083 emba·
1370 1030 1376 1041 ’

237 1104 363 1167 siooetas
378 1103 484 1167 detur’.
499 1104 536 1166 ab
547 1103 603 1166 bac
617 1122 688 1166 voce
701 1119 811 1183 equum
824 1103 964 1167 cinaedus
976 1102 1102 1166 mutavit
1113 1103 1302 1186 transituque
1323 1120 1356 1172 1⁰

237 1190 273 1251 ad
290 1190 429 1253 comitem
444 1208 545 1252 meum
560 1189 637 1252 lacto
657 1188 793 1254 clunibus
809 1208 878 1252 eum
892 1188 1043 1271 basiisque
1058 1188 1192 1253 distrivit.
1213 1187 1218 1272 Ι
1238 1199 1301 1254 sta·
1320 1204 1367 1258 Lo

236 1269 286 1340 bat
301 1275 381 1338 inter
394 1276 467 1338 baec
482 1275 570 1338 Giton
585 1282 616 1337 et
629 1274 693 1338 risu
708 1274 886 1338 dissolvebat
899 1275 949 1338 ilia
963 1295 1026 1339 sua.
1056 1275 1156 1356 itaque
1178 1277 1302 1357 conspi-

238 1368 302 1424 cata
317 1379 386 1424 eum
401 1361 553 1435 Quartilla,
569 1361 653 1424 cuius
668 1368 747 1424 esset
761 1380 844 1443 puer,
866 1359 1087 1442 diligentissima
1102 1361 1303 1425 sciscitatione

187 1469 188 1472 ¹
238 1447 393 1528 quaesivit.
425 1466 493 1510 cum
513 1466 568 1526 ego
584 1447 705 1510 fratrem
725 1466 828 1510 meum
843 1467 908 1510 esse
923 1448 1072 1521 dixissem
1089 1452 1196 1528 ‘quare
1215 1449 1302 1528 ergo’

236 1533 336 1613 inquit
352 1545 415 1595 ‘me
429 1551 492 1595 non
507 1530 670 1596 basiavitl'
699 1540 896 1616 vocatumque
911 1534 948 1597 ad
964 1553 997 1596 se
1011 1534 1043 1595 in
1054 1535 1188 1602 osculum
1203 1535 1312 1615 appli·.
1325 1547 1358 1597 15

238 1618 308 1680 cuit.
339 1637 408 1682 mox
423 1634 547 1682 manum
563 1619 652 1682 etiam
664 1619 783 1682 demisit
794 1619 825 1682 in
837 1619 938 1682 sinum
949 1627 979 1682 et
990 1627 1169 1701 pertrectato
1181 1621 1302 1684 vasculo

62 1861 64 1870 ,
239 1789 389 1867 militabit3
403 1791 492 1854 hodie
508 1792 589 1853 enim
605 1798 676 1872 post
691 1791 811 1854 asellum
828 1791 918 1854 diaria
934 1810 996 1853 non
1012 1790 1125 1854 sumo.'

184 1865 225 1926 25
323 1895 391 1938 cum
406 1877 478 1940 haec
493 1876 615 1951 diceret,
631 1877 667 1938 ad
683 1876 864 1948 aurameius
879 1877 991 1956 Psyche
1005 1876 1107 1940 ridens
1122 1877 1255 1950 accessit,
1270 1886 1302 1939 et

236 1979 304 2023 cum
321 1961 444 2023 dixisset
458 1963 558 2024 nescio
575 1963 656 2042 quid,
673 1962 737 2034 ‘ita,
753 1961 809 2024 ita'
824 1963 923 2043 inquit
936 1962 1077 2036 Quartilla
1093 1963 1179 2024 ‘bene
1194 1963 1301 2024 adme·
1321 1973 1359 2023 20

236 2046 338 2109 nuisti.
368 2065 421 2109 cur
435 2065 507 2121 non,
523 2047 591 2128 quia
606 2047 766 2111 bellissima
787 2047 901 2111 occasio
923 2056 978 2123 est,
999 2047 1199 2127 devirginatur
1219 2047 1301 2112 Pan·

236 2133 339 2212 nyobis
354 2129 490 2195 nomrai'
512 2133 715 2213 continuoque
734 2133 879 2212 producta
894 2141 940 2196 est
961 2134 1059 2214 puella
1079 2133 1151 2196 satis
1172 2133 1247 2196 bella
1270 2143 1301 2198 et

236 2236 312 2298 quae
327 2237 388 2279 non
403 2219 470 2298 plus
487 2238 576 2301 quam
591 2227 705 2300 septem
720 2235 814 2280 annos
826 2218 937 2281 habere
950 2218 1113 2293 videbatur,
1129 2218 1177 2296 [et]
1190 2238 1224 2281 ea
1235 2219 1301 2300 ipsa

231 2322 312 2384 ¹quae
328 2303 459 2385 primum
475 2323 543 2368 cum
559 2304 699 2378 Quartilla
720 2303 753 2365 in
775 2305 879 2374 cellam
900 2311 1020 2368 venerat
1040 2312 1184 2366 nostram.
1214 2304 1300 2384 plau·
1367 2313 1374 2325 '

178 2463 182 2470 ¹
236 2389 375 2452 dentibus
391 2407 461 2469 ergo
476 2390 625 2454 universis
641 2397 672 2452 et
685 2389 906 2470 postulantibus
921 2391 1041 2471 nuptias
1062 2390 1218 2468 [iecerunt]
1242 2391 1299 2454 ob·
1320 2397 1358 2448 25
1424 2389 1425 2424 ³

235 2475 335 2555 stupui
359 2495 413 2555 ego
437 2485 468 2539 et
482 2475 674 2549 nec-Gitona,
695 2475 984 2539 verecundissimum
1003 2495 1140 2557 puerum,
1163 2475 1301 2540 sufficere

234 2561 304 2622 huic
318 2561 498 2642 petulantiae
514 2561 666 2636 affirmavi,
688 2579 743 2624 nec
760 2561 889 2643 puellam
901 2562 965 2626 eius
978 2562 1081 2626 aetatis
1095 2578 1169 2635 esse,
1186 2568 1219 2624 ut
1230 2579 1300 2624 mu·

235 2647 336 2709 liebris
350 2647 509 2729 patientiae
522 2648 619 2727 legem
639 2656 744 2729 posset
764 2649 905 2729 accipere.
946 2646 1018 2710 ‘ita’
1038 2647 1135 2728 inquit
1156 2647 1301 2720 Quartilla

236 2733 345 2795 ‘minor
360 2741 406 2795 est
420 2731 486 2805 ista,
503 2751 592 2814 quam
607 2753 662 2813 ego
678 2733 731 2807 lui,
754 2752 822 2797 cum
841 2734 973 2813 primum
991 2733 1088 2795 virum
1108 2752 1194 2812 passa
1208 2729 1300 2795 sum?

235 2817 381 2880 lunonem
403 2836 500 2880 meam
514 2819 619 2882 iratam
634 2818 769 2890 babeam,
784 2819 810 2882 si
823 2837 957 2900 unquam
972 2837 1020 2880 mc
1037 2818 1225 2892 meminerim
1238 2817 1299 2881 vir-
1319 2832 1358 2883 30

236 2904 334 2984 ginem
348 2902 450 2968 fuisse.
472 2921 543 2968 nam
559 2912 589 2970 et
602 2904 700 2968 inlans
716 2921 782 2968 cum
798 2904 917 2985 paribus
932 2904 1073 2970 inclinata
1088 2923 1165 2980 snm,
1181 2914 1211 2967 et
1226 2903 1300 2968 sub·

235 2991 306 3052 inde
327 2988 557 3072 procedentibus
578 2989 665 3052 annis
689 2989 849 3053 maioribus
870 3009 919 3053 me
934 2991 1034 3073 pueris
1048 2987 1183 3072 applicui,
1203 2989 1302 3054 donec
1422 3049 1423 3064 ,

237 3076 274 3138 ad
289 3077 365 3138 banc
385 3083 512 3141 aetatem
533 3076 663 3159 perveni.
692 3076 765 3139 hine
784 3076 873 3140 etiam
892 3086 964 3159 puto
984 3076 1172 3157 proverbium
1193 3084 1299 3139 natum
1422 3073 1423 3088 ¹

236 3161 318 3235 illud,
335 3162 378 3239 [ut
392 3162 516 3240 dicatur]
531 3181 620 3243 posse
636 3169 756 3226 murum
775 3163 888 3240 tollere,
911 3163 961 3243 qui
982 3163 1107 3228 vitulum
1127 3161 1299 3224 emtulerit.‘

237 3247 381 3327 igiturne
396 3248 540 3312 maiorem
555 3247 694 3312 iniuriam
710 3249 745 3310 in
760 3257 875 3312 secreto
889 3247 983 3312 irater
996 3248 1151 3329 acciperet,
1173 3266 1298 3311 consur·
1317 3256 1355 3310 35

184 3328 225 3391 26
237 3333 299 3397 rexi
314 3334 350 3396 ad
365 3333 495 3397 officium
511 3334 652 3416 nuptiale.
681 3334 740 3398 iam
760 3334 873 3414 Psyche
893 3335 1010 3416 puellae
1030 3343 1119 3415 caput
1138 3334 1300 3398 involverat

237 3420 385 3494 flammeo,
401 3420 460 3482 iam
475 3420 689 3484 embasicoetas
704 3419 888 3500 praelerebat
898 3420 1002 3495 lacem,
1022 3419 1080 3484 iam
1096 3419 1192 3484 ebriae
1207 3419 1300 3486 muli·
1421 3455 1422 3496 ;

239 3524 305 3568 eres
326 3507 450 3586 longum
469 3525 575 3586 agmen
594 3507 767 3588 plaudentes
787 3507 920 3570 fecerant
943 3505 1301 3587 thalamumque-incesta
1421 3503 1422 3506 ’

240 3601 454 3660 exornaverant
468 3599 558 3668 veste,
569 3611 638 3657 curn
653 3592 796 3667 Quartilla
811 3611 929 3673 quoque
942 3591 1107 3656 iocantium
1116 3591 1238 3656 libidine
1249 3611 1301 3656 ac-

306 3745 322 3796 6
335 3745 456 3797 vernulas
469 3741 479 3812 l
493 3744 506 3793 7
519 3745 556 3808 ut]
571 3758 603 3797 aa
616 3741 751 3796 calmem
762 3740 775 3811 ΙΙ
787 3744 821 3795 24
836 3752 944 3796 venerat
959 3743 986 3796 in
1001 3752 1115 3796 nostram
1132 3744 1222 3796 cellam
1235 3759 1300 3812 pars

237 3815 359 3867 librorum
373 3812 382 3882 ll
395 3814 427 3868 31
440 3812 572 3878 inquinata
583 3811 593 3880 ΙΙ
607 3814 639 3865 32
651 3813 834 3881 prodeuntibus
847 3810 856 3881 ll
870 3814 901 3866 33
914 3821 1000 3865 natum
1015 3821 1075 3881 pato
1087 3813 1251 3880 proverbium
1264 3813 1300 3864 il·

239 3885 282 3936 lud
293 3881 372 3936 endere
386 3879 566 3950 drugonem
577 3882 588 3948 ΙΙ
601 3883 633 3934 39
645 3891 698 3935 tun
713 3881 718 3948 Ι
733 3896 829 3949 quoque
837 3882 903 3949 pund
912 3883 962 3933 ald
971 3881 1031 3936 tort
1037 3885 1095 3951 port
1106 3883 1244 3934 iocantium
1253 3897 1299 3951 po-

238 3961 313 4006 ru'ere
324 3951 505 4021 interpolatum
516 3951 615 4004 musar
