2864 4344
178 154 181 158 >
208 128 249 190 aa
664 79 818 180 sarram

209 291 282 364 quot
296 283 414 345 coronis
430 292 460 346 et
475 289 627 362 unguento
642 300 697 362 per·
711 282 841 344 frontem
861 281 894 342 in
909 282 1011 343 oculos
1026 282 1138 344 tinente
1153 292 1274 363 praeto-
1295 295 1320 346 11

208 370 253 432 ric
267 370 331 431 loco
346 369 493 449 seposuit
508 368 713 448 continuoque
728 366 831 429 vinum
854 376 884 428 et
904 367 1017 430 caldam
1040 369 1184 448 poposcit.
1219 370 1276 432 de-

144 463 148 472 ’
208 456 334 517 lactatus
358 456 413 516 bae
436 453 615 516 Trimalchio
635 452 781 515 hilaritate
803 461 832 515 et
850 452 916 533 ipse
936 454 1119 532 capaciorem
1138 457 1277 534 poposcit
1328 449 1331 452 ’

209 541 352 620 scyphum
368 540 579 620 quaesivitque,
601 538 753 619 quomodo
767 546 905 618 acceptus
921 547 1009 600 esset.
1043 538 1161 603 ‘omnia'
1174 540 1276 621 inquit

209 625 377 688 ‘habuimus
392 633 510 705 praeter
525 634 569 702 te3
586 625 662 688 oculi
678 624 758 685 enim
773 624 832 686 mei
845 623 895 685 hio
907 631 1003 695 erant.
1037 632 1067 685 et
1089 625 1275 690 mehercules
1295 643 1310 692 a

208 713 284 774 bene
299 711 364 774 fuit.
400 711 496 774 Scissa
510 711 623 773 lautum
638 708 813 771 novendiale
829 727 915 772 servo
937 727 994 770 suo
1009 709 1122 772 misello
1137 710 1275 785 iaciebat,

209 815 298 876 quem
315 804 466 859 mortuum
482 796 704 858 manumiserat.
739 804 769 856 et
784 803 866 874 puto,
883 813 951 856 cum
967 795 1180 858 vicensimariis
1192 817 1277 878 mag·-

207 901 279 946 nam
301 883 473 945 mantissam
495 883 596 955 habct3
625 881 841 960 quinquaginta
864 879 945 942 enim
968 880 1098 942 millibus
1119 883 1277 945 aestimant

208 975 371 1030 mortuum.
407 969 459 1030 ssd
475 976 576 1030 tamen
590 965 720 1029 suaviter
739 967 804 1040 fuit,
827 965 916 1028 etiam
939 965 965 1028 si
988 966 1082 1028 coacti
1102 985 1207 1031 snmus
1229 969 1276 1030 dt-

39 1085 44 1105 «
81 1077 84 1088 ·
155 1055 196 1117 66
208 1053 313 1116 midias
329 1053 465 1135 potiones
487 1071 578 1133 super
593 1053 729 1114 ossucula
742 1052 807 1114 eius
830 1050 1001 1113 effundere.²
1036 1051 1154 1114 ‘tamen’
1175 1053 1276 1134 inquit
1298 1069 1330 1124 to

207 1139 386 1202 Trimalchio
402 1139 483 1218 ‘quid
497 1137 643 1200 habuistis
658 1138 690 1200 in
705 1135 809 1200 cenai’
844 1134 958 1198 ‘dicam’
975 1136 1072 1216 inquit
1087 1138 1121 1199 ‘si
1133 1146 1276 1217 patuer03

209 1245 278 1288 nam
293 1237 354 1288 tam
369 1225 466 1286 bonae
483 1223 642 1286 memoriae
653 1242 730 1296 sum,
746 1232 780 1285 ut
794 1223 968 1303 frequentor
982 1240 1096 1285 nomen
1107 1241 1209 1285 meum
1221 1226 1269 1286 ob

208 1311 330 1373 liviscor.
364 1310 521 1372 habuimus
536 1323 638 1371 tamma
660 1308 691 1370 in
706 1309 803 1389 primo
815 1315 949 1387 'porcum
968 1309 1075 1387 poculo
1099 1319 1276 1373 coronatum

209 1404 239 1459 et
254 1396 330 1458 circa
346 1395 550 1458 saviunculum
572 1403 603 1456 et
622 1395 726 1473 gizeria
747 1394 858 1474 optime
872 1394 950 1456 facta
973 1402 1002 1454 et
1024 1400 1104 1456 certe
1123 1394 1224 1456 batam
1246 1404 1278 1458 et

208 1500 316 1562 panem
332 1489 509 1563 autopyrum
525 1481 630 1542 desua
646 1480 713 1552 sibi,
729 1498 820 1560 qoem
836 1497 889 1558 ego
901 1478 979 1541 malo
991 1497 1081 1558 quam
1096 1480 1272 1557 candidum3
1294 1495 1326 1546 15

210 1575 239 1629 et
254 1567 331 1629 vires
347 1567 424 1638 lacit,
441 1574 470 1628 ct
486 1585 553 1628 cum
569 1585 636 1628 mea
654 1584 688 1627 re
705 1565 811 1643 [causa]
833 1564 917 1636 lanio,
937 1581 998 1627 non
1014 1564 1107 1644 ploro.
1144 1583 1276 1645 sequens

209 1653 352 1715 ferculum
367 1653 424 1715 fuit
440 1652 569 1715 scriblita
583 1651 688 1730 frigida
710 1659 740 1713 et
754 1668 845 1730 super
865 1650 925 1710 mel
940 1649 1056 1711 caldum
1071 1650 1206 1712 infusum
1221 1671 1275 1712 ex-

208 1740 334 1800 cellente
348 1737 522 1818 Hispanum.
556 1738 657 1818 itaque
680 1737 716 1798 dc
737 1735 866 1798 scriblita
892 1729 1013 1815 quidem
1034 1753 1096 1796 non
1117 1735 1277 1800 minimum

209 1825 265 1897 edi,
281 1825 317 1886 de
333 1825 420 1887 melle
435 1843 484 1886 me
499 1842 595 1903 usque
610 1823 702 1901 tetigi.
737 1822 813 1883 circa
825 1821 903 1882 cicer
916 1829 945 1881 et
956 1820 1101 1900 lupinum,
1118 1821 1214 1884 calvae
1226 1840 1277 1885 ar·

208 1911 318 1972 bitratu
335 1917 364 1970 et
380 1910 455 1972 mala
472 1909 595 1988 singula.
628 1925 682 1987 ego
698 1916 799 1970 tamen
814 1907 875 1984 duo
890 1906 996 1969 sustuli
1018 1914 1047 1968 et
1063 1925 1132 1969 ecce
1142 1906 1175 1968 in
1190 1927 1276 1988 map-
1295 1926 1329 1976 ρο

208 2013 244 2075 pa
260 1994 374 2073 alligata
389 1993 503 2069 habe03
518 2011 587 2056 nam
605 1993 627 2055 si
645 1993 754 2073 aliquid
770 1992 904 2054 muneris
919 2009 987 2053 meo
1000 1992 1139 2055 vernulae
1151 2010 1213 2055 non
1224 2001 1277 2064 tu-

207 2075 287 2151 lero?
306 2079 422 2142 habebo
449 2079 624 2141 convicium.
658 2078 734 2140 benc
757 2096 806 2139 me
828 2079 970 2139 admonet
991 2077 1113 2139 domina
1136 2097 1211 2140 urea.
1244 2080 1277 2141 in

208 2173 367 2246 prospectu
387 2165 546 2227 habuimus
568 2163 686 2226 ursinae
706 2163 844 2236 frustum,
870 2163 906 2224 de
929 2181 989 2242 quo
1012 2181 1080 2226 cum
1099 2163 1277 2243 imprudens

209 2251 341 2314 Scintilla
355 2257 512 2331 gustasset,
529 2269 625 2330 paene
641 2248 782 2312 intestina
797 2267 851 2310 sua
866 2248 990 2310 vomuit.
1025 2267 1079 2328 ego
1092 2257 1195 2311 contm
1209 2251 1277 2329 plus

208 2337 313 2398 libram
330 2337 456 2410 comedi,
473 2354 543 2397 nam
559 2336 658 2416 ipsum
673 2352 777 2414 aprum
794 2334 937 2414 sapiebat.
972 2342 1003 2396 et
1017 2335 1051 2406 si,
1066 2334 1199 2416 inquam,
1223 2353 1277 2396 ur·
1296 2349 1328 2400 aa

208 2441 260 2486 sus
275 2421 508 2485 homuncionem
526 2428 648 2492 comest,
664 2425 777 2500 quanto
792 2418 886 2498 magis
900 2418 1059 2482 homuncio
1072 2420 1161 2482 debet
1172 2438 1276 2483 ursum

208 2505 364 2570 comesse?
386 2508 417 2569 in
435 2525 553 2569 summo
574 2505 736 2568 habuimus
751 2523 871 2567 caseum
892 2505 1012 2568 mollem
1036 2525 1071 2566 ex
1086 2523 1156 2585 sapa
1177 2513 1207 2566 et
1226 2525 1278 2568 oo-

208 2595 285 2657 cleas
300 2593 430 2674 singulas
447 2602 477 2655 et
491 2593 598 2654 cordae
613 2593 708 2654 busta
721 2599 751 2653 et
766 2590 883 2670 hepatia
903 2590 937 2651 in
952 2590 1056 2652 catillis
1080 2598 1110 2652 ot
1125 2610 1178 2652 ova
1192 2589 1279 2670 pille-

207 2687 252 2742 ata
268 2686 299 2741 et
312 2697 413 2760 rapam
431 2686 461 2740 et
475 2696 585 2758 senape
599 2686 631 2739 et
645 2677 777 2740 catillum
792 2683 992 2750 concacatum,
1016 2695 1072 2756 pax
1094 2676 1279 2738 Palamedes.

208 2765 296 2826 etiam
312 2764 345 2826 in
360 2765 441 2826 alveo
458 2763 628 2825 circumlata
644 2770 717 2824 sunt
730 2761 917 2841 oxyccmina,
940 2763 1021 2824 unde
1041 2761 1163 2841 quidam
1186 2761 1277 2824 etiarn
1296 2772 1331 2824 30

208 2849 346 2930 improbe
361 2858 464 2911 ternos
475 2867 593 2928 pugnos
605 2848 800 2909 sustulerunt.
831 2864 902 2906 nam
915 2865 1022 2925 pernae
1034 2846 1207 2910 missionem
1222 2848 1279 2908 ds-

156 2936 195 2997 67
211 2935 319 2996 dimus.
356 2935 408 2997 sed
424 2953 510 2997 narra
526 2934 608 3006 mihi,
625 2933 688 3004 Gai,
703 2951 784 3010 rogo,
799 2931 963 2994 Fortunata
977 2951 1070 3012 quare
1082 2951 1144 2995 non
1158 2950 1281 2995 recum·

211 3017 290 3082 biti'
325 3020 485 3100 ‘quomodo
502 3019 586 3082 nosti
602 3018 700 3099 inquit
715 3015 812 3080 ‘illam‘
833 3016 1011 3080 Trimalchio
1036 3017 1103 3079 ‘nisi
1122 3025 1279 3096 argentum

161 3181 164 3188 ,
212 3106 421 3186 composuerit,
438 3105 495 3168 nisi
510 3105 647 3186 reliquias
663 3104 764 3184 pueris
786 3102 927 3176 diviserit,
951 3121 1059 3182 aquarn
1079 3103 1113 3164 in
1134 3122 1167 3165 os
1189 3122 1279 3166 suum

212 3211 274 3253 non
296 3190 439 3254 coniciet!
474 3190 572 3272 ‘atqui’
592 3189 747 3270 respondit
765 3188 919 3250 Habinnas
941 3189 1007 3250 ‘nisi
1031 3187 1080 3252 illa
1110 3188 1279 3261 discumbit,
1299 3198 1333 3250 35

213 3296 266 3356 ego
283 3296 331 3338 me
346 3278 478 3357 apoculo'
495 3285 525 3339 et
540 3283 677 3356 coeperat
693 3292 822 3354 surgere,
843 3274 903 3336 nisi
922 3274 1007 3353 signo
1029 3274 1098 3337 dato
1118 3273 1281 3336 Fortunata

213 3369 318 3442 quater
333 3363 491 3443 ampliusa
512 3370 573 3424 tota
592 3360 703 3423 familia
723 3366 801 3422 esset
825 3367 935 3422 vocata.
970 3358 1051 3422 veuit
1071 3377 1142 3438 ergo
1162 3357 1280 3438 galbino

209 3449 360 3511 succincta
375 3448 503 3527 cingilla,
526 3447 567 3508 ita
583 3455 617 3509 ut
632 3446 709 3508 inira
725 3444 857 3508 cerasina
873 3452 1031 3524 appareret
1052 3443 1151 3506 bunion
1174 3453 1205 3505 et
1226 3464 1280 3524 pe·

208 3533 362 3596 risoelides
376 3540 472 3595 tortae
488 3532 721 3613 phaecasiaeque
742 3531 903 3593 inauratae.
936 3537 1011 3593 tuno
1033 3529 1152 3594 sudario
1174 3546 1303 3630 manin⁸

278 3751 405 3804 dlancnn
417 3749 593 3802 novendialem
606 3749 615 3818 ll
630 3751 661 3801 1³
674 3749 763 3802 betula
775 3749 826 3800 Iao.
841 3747 982 3800 Gmaociua
995 3745 1004 3814 i
1020 3747 1049 3800 14
1067 3745 1245 3798 cenomaniam
1261 3745 1265 3811 l

209 3821 324 3954 {mter
344 3828 372 3872 ot
392 3820 459 3872 eirca
473 3817 483 3887 ll
499 3821 529 3872 16
541 3820 614 3871 vicos
627 3816 636 3886 ll
658 3819 690 3869 27
709 3826 737 3869 at
748 3832 808 3884 sapa
821 3815 830 3883 ll
843 3817 875 3868 ³1
895 3814 1046 3883 improbiter
1061 3830 1108 3866 aaa
1120 3829 1203 3882 pugno
1216 3812 1225 3881 ΙΙ
1247 3814 1281 3864 36
