2860 4340
644 145 787 200 statuent

119 305 165 357 Lo
181 301 374 371 sententiam,
390 301 441 362 sed
456 300 553 377 gladio
574 301 621 363 ius
642 302 792 363 dicturum
814 301 945 381 ignaviae
966 320 1046 364 suae.
1080 303 1252 366 commoda·

181 395 228 448 ret
241 403 316 466 ergo
328 385 378 448 illa
393 386 527 467 peritum
555 387 653 449 lecum
676 394 706 448 et
726 387 815 450 fatale
841 387 1041 450 conditorium
1064 388 1199 451 familiari
1219 408 1252 450 ac

182 475 246 536 vire
265 473 386 535 iaceret.
421 472 531 534 mulier
558 491 620 535 neu
640 473 739 534 minus
761 473 929 536 misericors
956 493 1046 554 quam
1066 475 1171 554 pudica
1194 480 1252 535 “ue

182 558 280 621 istud'’
295 557 395 639 inquit
410 558 470 619 “dii
486 558 594 632 sinant,
609 566 643 620 ut
658 559 764 620 eedem
781 566 916 638 tempore
932 561 1059 621 duorum
1076 560 1148 621 mihi
1161 560 1250 621 caris-

147 656 163 704 5
183 645 330 706 simorum
353 643 510 705 hominum
531 644 590 705 duo
610 645 881 724 funeraapeotem.
919 644 996 707 malo
1016 653 1170 707 mortuum
1194 644 1252 706 im-

183 730 318 810 pendere
344 749 433 810 quam
453 729 553 793 vivum
573 729 738 791 occidere.''
783 730 949 798 secundum
981 731 1059 792 hanc
1084 730 1250 792 orationem

183 815 318 878 iubetur
340 833 403 878 area
427 832 535 896 eorpus
557 814 653 876 mariti
681 815 727 876 sui
747 815 813 877 tolli
833 821 921 895 atque
939 814 991 888 illi,
1019 833 1095 895 quae
1121 816 1279 886 vacabat„

184 900 266 963 cruci
282 900 375 980 elligi.
416 917 489 962 usus
516 907 564 962 est
589 900 674 961 miles
697 900 815 979 ingenio
836 900 1089 980 prudentissimae
1113 901 1250 973 feminae,

180 985 430 1096 posteroquedie
442 986 572 1066 populus
588 982 716 1048 miratus
731 993 786 1060 est,
811 1004 870 1066 qua
883 985 1005 1048 ratione
1020 993 1158 1050 mortuus
1179 985 1252 1048 isset

92 1091 94 1096 ·
133 1083 168 1134 10
186 1072 219 1133 in
232 1089 364 1134 munem.
1033 1080 1038 1088 ¹

269 1157 333 1219 risu
349 1175 489 1237 excepere
504 1155 633 1218 lahulam
648 1163 765 1230 nautae,
775 1157 829 1234 let]
846 1157 1043 1219 erubescente
1056 1173 1118 1218 non
1133 1155 1249 1218 medio·
1262 1152 1321 1214 113

184 1243 276 1304 uniter
289 1243 466 1323 Tryphaena
481 1243 757 1322 vultumquesuum
772 1261 864 1321 super
879 1242 1023 1304 cervicem
1037 1242 1151 1304 Gitonis
1166 1261 1250 1304 ama-

180 1329 287 1392 biliter
297 1335 440 1409 penante.
474 1336 506 1389 at
520 1345 582 1390 nen
598 1326 702 1390 Lichas
716 1327 793 1400 risit,
809 1329 862 1390 sed
873 1328 984 1390 iratum
996 1345 1190 1392 commovens
1201 1345 1251 1390 ea-

184 1421 241 1494 put
260 1414 295 1475 ‘si
310 1413 418 1476 instus'
433 1413 532 1494 inquit
553 1413 724 1494 ‘imperator
747 1412 862 1484 luisset,
889 1413 992 1476 debuit
1014 1413 1104 1494 patris
1125 1412 1251 1476 familiae

132 1511 165 1562 15
184 1518 295 1581 corpus
310 1499 342 1560 iu
358 1506 590 1562 monumentum
604 1499 727 1572 referre,
744 1499 900 1561 muherem
915 1499 1034 1579 elligere
1050 1498 1150 1561 cruci’.

270 1603 335 1647 non
350 1584 440 1647 dubie
455 1585 585 1648 redieret
605 1584 638 1646 in
653 1584 786 1646 animum
808 1584 921 1664 Hedyle
940 1584 1161 1665 expilatumque
1182 1581 1251 1644 lihi-

183 1672 291 1742 dinosa
306 1671 482 1749 migratione
495 1670 654 1750 navigium.
692 1671 745 1732 sed
760 1687 818 1732 nec
832 1668 962 1731 foederis
985 1670 1074 1731 verba
1094 1669 1250 1747 permitte-

183 1759 257 1820 bant
270 1757 455 1830 meminisse,
469 1775 526 1819 nec
540 1756 684 1826 hilaritas,
706 1775 783 1836 quae
802 1761 999 1834 occupaverat
1012 1761 1140 1825 mentes,
1163 1754 1252 1817 dabat

184 1842 356 1905 iracundiae
371 1843 479 1904 locum.
514 1849 645 1904 ceterum
659 1841 833 1920 Tryphaena
848 1841 879 1901 in
895 1840 1007 1920 gremio
1024 1839 1140 1902 Gitenis
1155 1839 1251 1918 posita

132 1932 168 1983 ²⁰
186 1929 275 1992 modo
291 1926 434 2007 implebat
448 1928 556 1990 esculis
566 1922 686 2009 pectus,
706 1927 858 1988 interdum
877 1924 1074 1988 concinnabat
1090 1924 1250 2005 spoliatum

142 2015 166 2068 la
184 2015 316 2078 crinibus
328 2013 457 2076 uultum.
476 2011 554 2093 lego
571 2020 701 2074 maestus
718 2018 754 2074 et
769 2011 927 2093 impatiens
943 2011 1073 2072 foederis
1098 2010 1168 2072 novi
1189 2027 1251 2072 non

183 2100 296 2174 eibum,
312 2117 375 2162 non
389 2099 541 2181 petionem
555 2098 720 2178 capiebam,
733 2099 789 2160 sed
805 2097 932 2178 obliquis
949 2096 1144 2177 trucibusque
1157 2095 1250 2158 oculis

183 2193 347 2266 mumque
366 2181 545 2267 spectabam.
590 2184 691 2247 omnia
716 2203 765 2247 me
786 2184 888 2247 oscula
917 2180 1118 2252 vulnerabant,
1146 2198 1250 2250 omnes

184 2272 359 2346 blanditiae,
384 2289 576 2354 quascunque
597 2271 703 2332 muhcr
721 2270 877 2332 hbidinosa
900 2268 1038 2346 fingebat.
1073 2286 1129 2330 nec
1149 2273 1251 2330 tamen

131 2359 166 2411 25
184 2358 282 2420 adhuc
296 2357 438 2431 sciebam,
453 2364 555 2419 utrum
571 2356 664 2436 magis
679 2374 773 2435 puero
788 2355 942 2424 irascerer,
958 2352 1038 2432 quod
1052 2352 1176 2414 amicam
1191 2351 1250 2415 mi-

183 2444 217 2506 hi
230 2443 368 2518 auferret,
384 2461 422 2506 an
438 2442 559 2517 amicae,
575 2443 656 2522 qued
670 2459 798 2520 puerum
814 2445 1036 2520 corrumperet:
1053 2445 1177 2517 utraque
1191 2435 1249 2498 ini-

184 2529 344 2592 micissima
359 2528 453 2591 oculis
469 2528 544 2590 meis
559 2535 589 2589 et
603 2527 771 2606 captivitate
784 2525 943 2604 praeterita
954 2523 1094 2585 tristiora.
1128 2522 1250 2584 accede-

184 2613 235 2677 bat
249 2613 317 2687 huc,
340 2613 421 2696 quod
437 2632 536 2695 neque
551 2614 726 2694 Tryphaena
747 2630 796 2674 me
819 2609 1023 2689 alloquebatur
1042 2615 1183 2687 tanquam
1207 2609 1250 2668 fa·

184 2700 331 2762 miliarem
347 2707 377 2762 et
392 2695 551 2781 aliquando
565 2705 682 2779 gratum
697 2696 756 2758 sibi
771 2703 946 2768 amatorem,
961 2710 1017 2756 nec
1033 2693 1122 2754 Giton
1137 2711 1186 2754 me
1200 2699 1252 2755 aut

131 2789 166 2839 30
183 2786 325 2849 tralaticia
340 2785 547 2867 propinatione
561 2785 686 2864 dignum
700 2782 855 2854 iudicabat,
871 2789 922 2844 aut
934 2778 1014 2860 quod
1025 2779 1184 2840 minimum
1196 2785 1250 2850 est,

182 2891 323 2934 sermone
338 2871 492 2934 communi
506 2870 636 2942 vocabat,
654 2870 752 2940 oredo,
767 2867 880 2930 veritus
896 2885 935 2929 ne
951 2867 1029 2928 inter
1043 2864 1127 2926 initia
1139 2882 1252 2926 coeun-

183 2957 222 3018 tis
237 2958 346 3036 gratiam
360 2966 511 3022 recentem
527 2956 693 3018 cicatricem
713 2955 908 3017 rescinderet.
941 2951 1124 3014 inundavere
1145 2957 1251 3028 pectus

182 3043 320 3106 lacrimae
341 3045 450 3106 'dolere
476 3048 604 3124 paratae,
629 3040 820 3120 gemitusque
845 3037 973 3120 suspirio
999 3045 1095 3100 tectus
1122 3035 1251 3097 animam

183 3145 280 3209 paene
295 3127 448 3192 submovit

704 3233 724 3270 tt

130 3303 165 3354 ³5
269 3299 301 3362 iu
316 3296 603 3380 partemvoluptatis
618 3295 750 3359 tentabat
765 3293 890 3366 admitti,
911 3311 968 3354 nee
988 3290 1102 3354 domiui
1117 3289 1250 3371 superci-

106 3383 111 3388 “
183 3383 258 3448 lium
272 3385 424 3459 induebat,
437 3384 487 3447 sed
504 3382 591 3446 amici
606 3381 768 3462 quaerebat
781 3378 959 3460 obsequium

270 3555 305 3618 ‘si
320 3555 392 3636 quid
406 3554 529 3635 ingenui
549 3496 826 3631 sanguinisbabes,
853 3567 915 3611 uon
936 3546 1029 3629 pluris
1055 3545 1134 3607 illam
1153 3544 1251 3619 facies,

184 3657 275 3721 quam
290 3641 432 3722 spuriam.
465 3639 491 3702 si
505 3639 551 3702 vir
565 3637 667 3710 fueris,
683 3653 745 3698 non
757 3635 816 3696 vihis
831 3634 867 3696 ad
883 3629 1049 3714 spintriam’

254 3779 352 3843 largo]
364 3779 438 3830 mado
449 3777 512 3828 utet
521 3778 614 3846 optima·
627 3775 632 3842 Ι
647 3773 842 3826 contubernium
858 3773 1001 3839 flagitetur
1016 3771 1071 3820 νήει·
1082 3770 1163 3838 perdit
1175 3779 1251 3818 voea-

183 3848 270 3899 bulum
283 3848 294 3914 ΙΙ
307 3849 323 3898 3
335 3863 382 3898 uec
393 3844 403 3914 ll
418 3845 449 3898 16
460 3845 544 3896 hedile
557 3842 566 3912 11
581 3846 613 3896 18
625 3850 857 3910 praeoccupaverat
874 3841 934 3893 libri
948 3838 1025 3891 madta'
1035 3835 1044 3906 ll
1058 3839 1089 3889 et
1106 3838 1252 3906 praemissa

183 3917 280 3970 ancille
292 3915 461 3984 Tryphaenae
470 3914 504 3966 ad
516 3913 668 3980 Encolpium
679 3909 735 3980 1138
745 3917 857 3978 apertam
872 3909 876 3977 Ι
892 3909 924 3962 ad
934 3908 1049 3975 apuleam
1060 3904 1098 3960 uel
1108 3906 1218 3972 epuitam
