2864 4344
617 171 759 228 serrano
1180 177 1217 240 13

95 329 143 382 Lo
155 329 260 391 crimis
270 329 302 390 in
318 328 411 390 risum
426 334 506 392 mota
521 328 736 392 descendentes
758 327 795 390 ab
810 348 880 393 aure
900 330 1019 410 capillos
1041 349 1124 394 meos
1138 332 1218 396 lenta

109 415 134 468 l
155 432 251 480 manu
266 413 350 478 duxit
366 410 371 495 Ι
393 422 422 478 11
435 413 530 478 ‘facio'
545 413 643 496 inquit
658 413 798 478 ‘indutias
813 415 972 490 vobuoum
988 423 1018 478 et
1029 435 1045 480 a
1057 418 1217 481 constituta

89 507 136 560 Lo
156 501 207 562 lite
223 500 350 563 dimitto.
380 497 482 582 quedl
508 499 533 561 si
553 517 615 564 non
636 499 813 562 adnuissetis
836 502 873 563 de
889 501 945 564 hac
963 502 1108 566 medicina
1128 521 1217 584 quarn

153 593 235 667 peto,
250 585 310 648 iam
324 593 425 666 parata
440 593 504 648 erat
514 585 547 646 in
558 585 722 648 crastinum
733 585 829 660 turba,
845 606 921 667 quae
932 595 961 649 et
971 588 1108 652 iniuriam
1120 608 1217 652 meam

115 681 133 730 1
154 672 322 736 vindicaret
336 679 368 736 at
380 671 571 752 dignitatem:

308 758 458 820 contemni
472 767 561 838 turpe
577 763 631 830 est,
647 757 743 836 legem
758 755 869 822 donare
883 758 1061 839 superbum
1084 775 1087 780 ·

344 843 400 905 hoo
414 862 491 917 amo,
508 843 587 924 quod
601 860 723 922 possum
739 861 796 923 qua
812 843 883 905 libet
898 843 941 906 irs
956 845 1010 907 via.

301 947 370 992 narn
384 948 457 992 sane
472 938 502 993 et
517 929 634 1009 sepiens
648 936 836 1009 contemptus
850 930 944 1010 iurgia
959 931 1060 1004 nectit,
1120 952 1122 958 ¹

341 1024 372 1082 et
385 1016 437 1096 qui
452 1035 513 1080 non
527 1015 649 1094 iugulat,
664 1013 759 1076 victor
772 1013 852 1078 abire
864 1015 947 1080 solot’

670 1123 691 1163 1

97 1201 132 1252 lo
240 1187 399 1268 complosis
413 1187 522 1250 deinde
536 1185 672 1252 inanibus
687 1185 719 1246 in
734 1193 852 1250 tantum
873 1195 995 1270 repente
1016 1187 1111 1250 risum
1125 1189 1215 1253 ellusa

152 1281 209 1346 est,
225 1281 261 1335 nt
275 1274 458 1336 timeremus.
502 1274 581 1336 idern
603 1292 638 1335 11
651 1272 751 1354 altera
766 1281 849 1353 parte
868 1282 897 1335 et
918 1274 1021 1338 ancilla
1042 1275 1120 1348 lecit,
1140 1294 1215 1356 quae

152 1359 236 1439 prior
254 1367 384 1432 venerat,
406 1359 486 1422 idem
508 1357 696 1439 virguncula,
725 1377 801 1437 quae
824 1378 882 1421 una
902 1359 1072 1423 intraverat.
1116 1362 1215 1424 omnia
1230 1355 1267 1416 19

125 1513 129 1518 ,
153 1444 275 1506 mimico
290 1445 352 1507 risu
368 1453 575 1520 exsonuerant,
591 1463 661 1508 cum
674 1443 795 1506 interim
812 1464 876 1519 nos,
893 1463 967 1526 quae
982 1454 1048 1508 tam'
1058 1447 1213 1528 repentina

153 1540 232 1592 osset
247 1531 372 1594 mutatio
394 1531 561 1594 animorum
581 1532 673 1601 lacta,
702 1527 906 1608 ignoraremus
933 1551 966 1595 ac
985 1533 1074 1610 modo
1097 1539 1214 1596 nosmet

99 1631 133 1684 15
151 1616 233 1698 ipsos
249 1616 339 1708 inodo
354 1617 492 1680 mulieres
507 1617 693 1680 intueremur
791 1626 793 1631 ’

208 1749 214 1760 .
670 1727 690 1762 il·

111 1788 133 1840 L
255 1784 260 1868 Ι
281 1787 357 1850 ‘ideo
372 1788 451 1850 vetui
465 1788 552 1850 hodie
562 1788 594 1849 in
605 1788 662 1848 hoo
672 1786 841 1849 deversorio
852 1805 1033 1868 quemquam
1046 1789 1214 1852 mortalium

151 1872 279 1945 admitti,
295 1881 328 1935 ut
341 1874 506 1937 remedium
521 1873 666 1935 tertianae
680 1873 746 1934 sine
767 1874 825 1934 ulla
840 1873 1076 1954 interpellatione
1099 1876 1213 1938 archis

150 1959 336 2038 acciperem!
366 1968 400 2021 ut
419 1960 491 2022 haec
505 1959 578 2022 dixit
598 1958 900 2039 Quartilla,·llscpltos
922 1960 1043 2040 quidem
1064 1961 1215 2041 paulisper
1265 2029 1268 2036 ,

151 2043 316 2124 obstupuit,
331 2063 384 2125 ego
399 2053 498 2108 autom
513 2044 645 2123 frigidior
659 2045 756 2108 hieme
771 2043 879 2108 Gallica
892 2046 988 2108 lactus
1000 2047 1116 2110 nullum
1130 2047 1213 2126 potui

100 2131 440 2194 211111111111111111.
483 2133 536 2194 sed
558 2151 595 2194 ne
616 2131 687 2212 quid
706 2131 821 2194 tristius
842 2139 1036 2212 expectarem,
1057 2131 1213 2196 comitatus

150 2215 287 2278 faciebat.
331 2223 391 2278 tres
408 2217 486 2279 eninr
503 2225 588 2279 erant
609 2216 807 2290 mulierculae,
831 2215 857 2280 si
878 2217 949 2298 quid
970 2219 1078 2280 1111111
1101 2219 1212 2296 conari,

149 2301 381 2376 infirmissimae,
396 2303 506 2364 scilicet
528 2311 630 2364 contre
653 2320 718 2376 nos,
739 2303 840 2384 quidus
861 2303 886 2364 si
910 2303 984 2364 nihil
1005 2303 1094 2377 aliud,
1121 2303 1212 2365 virilis

150 2407 242 2450 sexus
256 2394 343 2450 esset.
360 2396 389 2451 et
403 2389 563 2468 praecincti
578 2396 659 2451 certe
673 2388 761 2452 altius
776 2406 904 2452 eramus.
918 2389 1011 2450 immo
1027 2409 1087 2470 ego-
1096 2390 1139 2453 sic
1153 2389 1212 2452 iam

150 2472 232 2554 paria
248 2491 483 2554 composueram,
497 2482 532 2536 ut
547 2474 572 2535 si
586 2474 817 2555 depugnandum
836 2475 921 2550 foret,
940 2475 1004 2554 ipse
1026 2493 1093 2538 cum
1115 2475 1212 2548 Quer-

100 2565 132 2616 2⁵
150 2559 213 2622 tilla
228 2559 435 2636 consisterem,
451 2559 583 2641 Ascyltos
599 2578 667 2623 curn
682 2561 795 2633 aneilla,
811 2559 900 2625 Giton
916 2579 984 2622 curn
999 2560 1113 2640 virgine

667 2669 687 2708 li

204 2739 207 2746 ’
236 2738 309 2792 tunc
323 2748 392 2792 vero
408 2731 515 2792 excidit
529 2731 627 2794 omnis
647 2729 813 2817 constantia
828 2731 971 2806 attonitis,
994 2738 1024 2794 et
1045 2723 1126 2794 mors
1148 2750 1211 2794 non

150 2815 240 2879 dubia
255 2816 432 2881 miserorum
450 2818 550 2879 oculos
566 2817 663 2898 coepit
678 2817 826 2880 obducere

160 2949 164 2958 ·
667 2929 686 2966 11·

163 2979 167 2986 ’
237 2986 328 3066 ‘rogo'
342 2987 465 3069 inquam
482 2989 622 3066 ‘domina
637 2990 663 3054 si
678 2989 748 3072 quid
763 2988 877 3050 tristius
892 3006 986 3069 paras,
1002 2988 1126 3052 cderius
1138 3006 1211 3052 con-
1223 2978 1264 3040 20

149 3074 223 3149 lion,
238 3074 431 3154 nequeenim
446 3083 508 3137 tam
523 3092 665 3154 magnum
677 3075 794 3139 lacinus
806 3074 992 3149 admisimus,
1005 3083 1041 3137 ut
1052 3074 1211 3137 debeamus

101 3170 132 3222 30
149 3159 221 3222 torti
236 3159 342 3242 perire’
364 3209 368 3220 .

664 3279 684 3317 ᾖ

173 3405 175 3412 Α
234 3330 338 3396 ancilla
354 3349 428 3414 quae
444 3331 555 3414 Psyche
570 3331 737 3408 vocabatur,
758 3329 916 3396 lodiculam
931 3331 963 3394 in
978 3329 1148 3414 parimento
1164 3329 1211 3392 di-
1289 3336 1291 3344 ’

149 3413 277 3496 ligsuter
292 3418 423 3484 extendit

235 3587 401 3654 sollicitavit
417 3589 538 3676 inguina
553 3607 620 3654 moa
634 3535 714 3654 mille
729 3590 787 3654 iam
803 3588 950 3654 mortibus
964 3587 1071 3668 frigida

217 3803 231 3856 1
246 3807 343 3854 munta
354 3803 452 3852 corneto·
465 3799 470 3868 Ι
484 3807 583 3854 tentata
594 3796 633 3852 cel
648 3805 772 3868 temptate
788 3812 863 3854 nanu
874 3798 884 3870 fl
897 3801 913 3852 3
924 3797 1084 3870 flaffitomroe
1100 3813 1146 3850 voe
1162 3795 1210 3850 lite

160 3867 169 3938 1
183 3871 198 3922 8
211 3867 316 3938 11111111
333 3872 361 3923 13
379 3871 456 3922 nirnio
469 3869 528 3922 ladra'
535 3875 639 3942 practer
651 3869 802 3922 lismensem
815 3868 825 3938 11
839 3870 871 3921 23
884 3879 961 3936 esset,
973 3877 999 3922 at
1012 3865 1210 3934 oodorcScalige·

152 3955 240 3991 ranae,
265 3941 291 3990 ei
298 3941 442 4010 portreulae
453 3941 521 3992 locus
532 3945 588 3993 erat
599 3942 624 3992 a‘a
636 3943 724 4010 pctore
735 3943 860 3992 sententia
868 3945 954 4009 aperte
965 3937 1055 4002 mutilo
1111 4001 1122 4013 .
