2860 4340
592 111 735 165 rmxrnn
1136 115 1196 178 139

235 270 321 349 quale
336 268 392 329 init
406 267 517 329 malurn
534 266 613 346 quod
627 267 712 328 litera
728 267 823 346 pinxit
838 267 952 342 Aconti,
1140 281 1155 329 5

282 373 338 435 qua
353 355 429 416 lecta
445 352 553 432 cupido
568 360 652 432 pacta
669 353 767 433 puella
779 353 845 416 ¹riro
861 362 923 416 cst:

239 440 304 502 talia
320 458 403 501 nunc
416 457 529 519 pauper
544 439 683 500 dominus
698 438 833 500 florentis
848 440 932 518 agelli

278 524 419 606 imposuit
434 543 566 597 mensae,
582 525 662 586 nude
676 523 793 604 Priape,
808 531 887 588 tuae.

635 675 713 737 XVII

236 781 314 857 Quid
329 796 447 842 mecum
462 778 526 852 tibi,
542 778 658 842 circitor
673 776 821 844 molesta?

236 869 273 929 ad
288 886 336 929 me
352 865 423 946 quid
438 863 577 945 prohibes
593 865 695 926 venire
710 861 832 928 iurem?

237 953 365 1026 accedat,
380 952 459 1012 siue:
475 950 568 1013 laxior
581 950 699 1012 redibit.

530 1193 544 1202 H
617 1121 707 1186 XVIII

237 1227 436 1294 Commoditas
450 1227 526 1288 haec
538 1234 584 1288 est
597 1226 630 1288 in
645 1235 750 1288 nostro
766 1227 893 1292 maxima
907 1245 997 1307 pone,
1084 1283 1088 1291 .

280 1315 344 1378 laxa
358 1314 441 1394 quod
456 1331 522 1376 esse
536 1312 611 1374 mihi
625 1313 735 1376 femina
751 1313 830 1377 nulla
841 1321 948 1394 potest.

611 1486 716 1552 XVIIII

237 1590 291 1653 llic
306 1589 427 1672 quando
442 1589 599 1652 Telethusa
615 1590 791 1664 circulatrix,

238 1696 313 1757 quae
329 1677 448 1736 clunem
462 1674 563 1736 tunica
579 1684 699 1755 tegente
711 1676 790 1738 nulla

240 1763 313 1823 extis
329 1761 426 1840 aptius
440 1760 590 1840 altiusque
606 1761 708 1832 movit,
809 1806 810 1820 ,

238 1847 370 1910 missavit
386 1845 441 1906 tibi
456 1846 620 1908 fluctuante
635 1846 747 1924 lumbo,

238 1933 281 1995 sIc
296 1941 330 1994 ut
344 1950 405 1992 uon
420 1932 510 1992 modo
524 1939 565 2004 te,
580 1931 697 2012 Priape,
713 1938 825 2012 posset,

237 2017 405 2099 privignum
422 2036 541 2097 quoquc
557 2017 609 2080 sed
625 2035 746 2082 movere
760 2017 921 2082 Phaedrae

637 2205 691 2265 XX

238 2308 374 2370 Fulmina
390 2307 444 2369 sub
461 2308 531 2368 Iove
546 2315 632 2381 sunta
647 2307 777 2388 Neptuni
792 2297 907 2370 ius'cina
921 2309 1029 2385 telum3

282 2401 478 2473 ensepoteus
492 2393 569 2457 hlars
585 2402 643 2468 est3
660 2394 753 2466 hasta,
769 2393 1051 2470 birchsinun

239 2479 378 2541 sutilibus
394 2477 483 2540 Liber
497 2479 656 2542 committit
670 2479 781 2558 proelia
795 2479 918 2559 thyrsis3

283 2565 379 2626 lertnr
393 2563 545 2644 hpolhnea
561 2565 649 2628 missa
665 2565 770 2643 sagitta
786 2583 893 2636 manu3

238 2649 372 2712 Ilerculis
388 2656 500 2711 armata
517 2657 562 2711 est
576 2651 684 2712 Invicta
697 2650 817 2714 dextera
832 2651 928 2712 clara:
1145 2659 1160 2708 5

282 2743 312 2796 at
328 2754 376 2796 me
391 2735 552 2796 terribilem
570 2736 703 2800 mentula
715 2744 798 2798 tenta
813 2737 891 2800 lacit.

632 2908 700 2972 XIII
818 2935 839 2969 n

237 3011 328 3093 Copia
344 3031 392 3074 me
403 3013 519 3092 perdite
534 3020 568 3075 tu
584 3011 744 3092 suffragare
760 3017 881 3093 'rogatus

279 3097 388 3159 indicio
403 3116 459 3160 nec
474 3114 522 3160 rne
537 3099 640 3178 prode,
657 3098 774 3178 Priape,
790 3106 853 3173 tuo,
962 3136 964 3144 r

237 3202 371 3264 quaeque
386 3182 440 3244 tibi
456 3184 542 3265 posui
557 3192 700 3264 tanquam
715 3186 871 3248 vernacula
886 3202 984 3266 poma,

280 3269 316 3330 de
328 3286 410 3331 sacra
426 3270 501 3332 nulli
516 3270 625 3332 dixeris
641 3287 706 3332 esse
720 3271 775 3331 ria.
924 3283 927 3290 ·

622 3443 704 3506 XXII

235 3545 359 3607 Femina
374 3545 398 3607 si
412 3546 527 3630 lurtum
542 3525 629 3608 iaciat
644 3545 717 3608 mihi
732 3547 812 3608 virve
827 3565 948 3626 puerve,

280 3631 352 3693 haec
367 3649 511 3704 cunnum,
526 3641 616 3712 caput
630 3632 680 3693 hio
692 3632 842 3712 praebeat,
858 3631 908 3693 ille
922 3639 1015 3694 nates.

127 3754 342 3763 ——.—-—-—--

72 3851 75 3867 ⁴
160 3805 222 3860 XVI
237 3806 327 3856 'ltalia
340 3820 437 3886 cunque
450 3805 499 3868 (vol
510 3805 631 3871 quinque)
644 3820 706 3871 puer
724 3803 733 3872 l}
745 3804 840 3858 XVIIII
856 3809 867 3859 1
884 3806 975 3858 blande
990 3804 1106 3870 coniectu
1119 3803 1196 3858 dmo

127 3883 172 3927 vet
185 3873 194 3942 ll
208 3877 224 3926 4
237 3871 361 3926 crissahit
373 3871 383 3940 ΙΙ
395 3872 470 3924 XXII
483 3877 496 3926 1
512 3873 600 3940 virque
612 3889 723 3940 puerque
