2864 4344
620 123 766 182 sarman
1184 129 1226 195 rr

118 288 240 349 linter
256 284 406 347 anhelitus
420 286 606 366 sudoresque
625 277 724 358 trinis,
746 287 826 367 qnod
847 287 992 362 voluerat,
1012 279 1134 369 accepit,
1157 305 1224 350 rur-

160 392 275 454 susque
290 370 322 433 in
336 380 477 433 somnum
489 373 584 434 decidi
595 373 820 454 gandiolassss.
852 374 1027 454 interposita
1037 375 1141 436 minus
1152 373 1226 436 hora

159 476 294 542 pungere
309 477 357 520 me
371 477 465 520 manu
479 459 583 538 acepit·
591 465 621 518 et
635 457 746 543 dicere:
766 461 878 538 “quere
896 473 959 521 nen
973 457 1098 523 iacimus
1104 457 1139 520 ‘t'’
1158 467 1225 522 tum

160 563 215 624 ego
231 544 342 607 totiens
358 544 506 606 excitatus
521 545 620 628 plene
631 545 823 630 vehementer
837 545 982 607 excandui
1001 552 1032 606 et
1042 545 1165 609 ‘reddidi
1184 545 1226 608 illi

126 653 142 704 s
160 650 249 694 voces
265 645 351 692 suas:
367 634 439 692 “rot
454 630 561 709 dormi,
578 637 630 692 ant
644 647 697 710 eqo
712 631 773 692 iam
788 631 866 710 patri
882 630 996 693 dicam’'

251 769 254 779 .
684 743 703 780 R·

246 813 362 868 erectus
378 806 425 867 his
438 802 630 868 sermonibus
645 807 801 868 consulere
815 807 1040 887 prudentiorem
1057 807 1140 888 cdepi
1237 806 1277 870 88

160 899 271 957 aetates
287 890 458 954 tabularum
474 901 503 953 et
512 893 658 972 quaedam
671 901 844 972 arguments
856 891 928 954 mihi
940 892 1066 956 obseura
1078 893 1225 974 simulque

161 996 281 1043 causam
302 977 432 1041 desidiae
459 980 624 1058 praesentis
646 985 792 1050 excutere,
820 997 888 1040 eum
903 979 1126 1058 pulcherrimae
1147 987 1225 1041 artes

159 1065 318 1147 perissent,
333 1065 412 1125 inter
427 1081 499 1146 quas
514 1064 627 1144 pictum
643 1081 681 1125 ne
696 1064 855 1126 minimum
871 1065 992 1145 qumom
1008 1067 1055 1127 sui
1069 1064 1226 1144 vestigium

110 1164 141 1214 tn
159 1151 338 1230 reliquisset.
371 1158 436 1212 tum
451 1151 498 1212 ille
514 1149 675 1230 ‘pecuniae’
691 1151 789 1230 inquit
803 1151 958 1230 ‘cupiditas
969 1151 1043 1214 haec
1054 1151 1165 1231 tropica
1177 1150 1226 1211 in-

107 1236 269 1302 destituit.
289 1232 293 1318 l
312 1235 417 1316 priscis
434 1236 514 1297 enim
528 1237 724 1317 temporibus,
737 1252 807 1298 cum
824 1237 919 1298 adhuc
933 1239 1013 1299 ouda
1024 1237 1117 1299 virtus
1129 1238 1226 1316 place-

158 1331 218 1402 ret,
233 1321 371 1401 vigebant
385 1328 463 1384 artes
472 1323 622 1400 *romonae
638 1335 851 1402 summumque
865 1330 1017 1385 certamen
1027 1324 1113 1385 inter
1126 1322 1226 1384 homi-

56 1462 60 1466 ,
159 1427 216 1473 nes
232 1414 304 1481 erat,
324 1409 450 1487 sequid
465 1409 657 1489 prolaturum
680 1408 805 1470 saeculis
823 1407 874 1470 diu
889 1408 1001 1470 lateret.
1035 1408 1136 1489 itaque
1155 1408 1227 1471 her-

158 1497 267 1558 barum
282 1494 417 1554 omnium
434 1505 522 1556 snoo's
533 1494 723 1556 'Democritus
737 1494 892 1574 expressit,
913 1500 943 1555 et
964 1510 1004 1556 no
1018 1495 1151 1574 lapidum
1165 1495 1226 1555 vir-

113 1594 141 1644 15
160 1581 374 1662 gultorumque
385 1580 433 1640 ris
447 1581 563 1656 lateret,
579 1587 706 1642 aetatem
721 1580 799 1641 inter
814 1579 1017 1659 experimenta
1031 1580 1225 1660 consumpsit.

158 1667 300 1729 Eudoxos
316 1665 435 1746 quidem
449 1666 483 1727 in
498 1666 652 1728 cacumine
667 1665 858 1727 excelsissimi
873 1666 985 1726 montis
1007 1666 1172 1737 consenuit,
1193 1673 1227 1727 ut

159 1761 310 1816 astrorum
331 1752 462 1832 caelique
483 1757 583 1814 motus
606 1752 850 1830 deprehenderes,
867 1758 897 1812 ot
915 1751 1110 1831 Chrysippus,
1136 1757 1169 1812 ut
1189 1753 1225 1814 ad

159 1839 364 1900 inventionem
379 1837 536 1909 sedissem,
552 1846 598 1898 ter
614 1835 743 1899 elleboro
766 1837 899 1898 animum
916 1837 1047 1898 detersit.
1072 1855 1176 1898 rerum
1191 1844 1226 1898 ut

160 1925 196 1986 ad
211 1924 321 2004 plastas
337 1931 500 1996 convenae,
515 1923 677 2004 Lysippum
692 1929 807 1985 statuae
820 1921 1107 1984 uiriustinoamentis
1121 1922 1225 1984 inhae-

111 2019 143 2070 20
162 2017 279 2073 rentem
299 2009 399 2088 inopia
415 2009 549 2081 extinxit,
568 2018 600 2070 et
614 2008 727 2089 Myron,
755 2009 805 2091 qui
827 2025 922 2090 paene
940 2009 1053 2071 animas
1069 2008 1225 2070 hominum

161 2099 350 2174 ferarumque
366 2112 432 2156 aere
448 2094 725 2176 comprehenderat,
740 2113 802 2157 noo
818 2095 931 2156 invenit
942 2095 1093 2157 heredem:
1125 2102 1155 2156 at
1169 2113 1224 2156 nos

159 2182 228 2244 vino
251 2181 416 2260 scortisque
431 2179 558 2243 demersi
578 2198 617 2242 ne
632 2188 749 2261 paratas
772 2181 893 2262 quidem
913 2189 991 2242 artas
1013 2181 1156 2243 audemus
1172 2199 1226 2243 co-

157 2285 312 2348 gnoscere,
329 2265 380 2328 sed
395 2275 582 2329 recusatores
597 2267 782 2347 antiquitatis
802 2267 872 2330 vitia
889 2273 1010 2328 tantum
1032 2267 1174 2328 docemus
1196 2275 1226 2328 et

158 2354 311 2416 discimus.
345 2351 397 2416 ubi
411 2361 458 2414 est
476 2349 650 2416 dialectiea?
682 2354 734 2414 ubi
754 2350 961 2416 astronomia?
987 2352 1038 2414 ubi
1065 2353 1225 2433 sapientiae

106 2447 138 2497 25
158 2439 322 2502 cultissima
337 2435 406 2499 via?
428 2438 495 2519 quis
517 2455 650 2518 unquam
665 2439 752 2501 'venit
772 2440 804 2502 in
818 2439 963 2517 templum
985 2445 1015 2499 et
1029 2444 1131 2499 votum
1146 2439 1224 2512 fecit,

157 2526 184 2587 si
199 2525 237 2586 ad
253 2524 452 2604 eloquentiam
468 2521 677 2605 pervenisset?
696 2525 774 2604 quis,
790 2525 816 2585 si
830 2523 1034 2604 philosophiae
1048 2525 1164 2585 iontem
1180 2531 1225 2585 at-

156 2608 295 2690 tigisset?
319 2628 354 2670 ac
367 2629 408 2671 ne
422 2613 531 2672 nonam
546 2610 666 2690 quidem
690 2617 823 2671 mentam
841 2617 893 2670 aut
906 2609 1016 2670 bonam
1032 2609 1224 2670 talnudinem

99 2713 101 2723 “
156 2704 275 2779 petunt,
297 2695 350 2756 sed
366 2692 465 2757 statim
478 2704 641 2778 antequam
664 2697 756 2757 limen
770 2692 906 2775 Capitolii
921 2702 1053 2773 tangant,
1076 2694 1150 2759 alius
1170 2695 1226 2756 do-

157 2800 231 2845 num
246 2781 402 2862 promittit,
417 2783 443 2843 si
454 2781 659 2862 'propinquum
675 2781 797 2844 divitem
812 2781 958 2855 extulerit,
974 2781 1056 2854 alius,
1069 2781 1092 2842 si
1103 2780 1225 2842 thesau-

54 2881 58 2895 '
104 2883 138 2932 30
155 2887 227 2930 rum
243 2867 389 2940 effoderit,
405 2867 490 2940 alins,
511 2865 537 2929 si
551 2869 589 2930 ad
604 2868 763 2950 nocentiae
780 2867 950 2929 sestertium
967 2869 1063 2929 salvus
1078 2885 1226 2947 perrene-

154 2955 205 3016 rit.
238 2954 303 3034 ipse
319 2961 449 3026 senatus,
463 2955 545 3015 ‘recti
571 2953 703 3034 bonique
724 2961 906 3033 praeceptor,
933 2954 1013 3015 mille
1038 2953 1137 3034 pondo
1160 2954 1225 3016 auri

156 3039 299 3120 Capitolio
315 3040 490 3118 promittere
506 3041 590 3110 solet,
611 3047 643 3101 et
662 3057 701 3102 ne
717 3041 784 3120 quis
800 3039 915 3100 dubitet
934 3039 1090 3120 pecuniam
1116 3056 1226 3101 concu-

155 3126 282 3206 piscere,
296 3125 395 3186 lovem
411 3143 530 3206 quoque
545 3126 806 3206 peculio-exornat.
833 3125 894 3190 noli
909 3141 980 3204 engo
996 3124 1107 3198 mirari,
1124 3124 1148 3186 si
1163 3125 1225 3204 pic-

63 3263 66 3269 ,
155 3222 225 3273 tura
247 3211 362 3284 defecit,
383 3229 452 3274 cum
473 3213 613 3274 omnibus
629 3211 684 3273 diis
705 3211 935 3290 hominibusque
949 3210 1111 3271 formosior
1126 3211 1225 3272 videa-

104 3308 137 3361 35
156 3306 209 3360 tur
224 3307 319 3358 massa
334 3297 408 3369 auri,
424 3315 513 3378 quam
530 3298 671 3378 quicquid
686 3299 805 3377 Apelles
820 3295 1008 3376 Phidiasque,
1021 3295 1157 3358 Graeculi
1172 3297 1225 3358 de-

155 3384 289 3456 lirantes,
312 3383 456 3446 fecerunt.
494 3385 548 3446 sed
567 3383 657 3444 video
681 3391 711 3444 to
731 3390 830 3444 totum
849 3384 881 3442 in
908 3383 955 3444 illa
981 3383 1088 3443 haeere
1115 3381 1224 3455 tabula,
1237 3387 1277 3449 89

156 3488 232 3550 quae
254 3468 360 3532 Troiae
382 3469 497 3532 halosin
524 3469 665 3532 ostendit.
711 3467 814 3549 itaque
827 3467 961 3530 conabor
987 3485 1062 3548 opus
1088 3466 1223 3530 versibus

154 3555 300 3636 pandere:
797 3573 798 3576 ¹

227 3775 257 3826 13
270 3774 357 3840 itaque
368 3773 473 3825 hercula
485 3775 620 3826 herbarum
634 3772 675 3842 Oli
690 3775 721 3827 1ss
732 3773 833 3840 quidam
850 3789 899 3825 mn.
912 3773 1050 3842 flertlagda
1062 3772 1072 3841 ll
1087 3775 1118 3827 19
1137 3787 1226 3826 rever·

155 3851 198 3894 tar
211 3842 232 3894 0
243 3843 255 3908 ΙΙ
266 3843 297 3894 nt
312 3843 504 3910 comprehendit
514 3843 534 3895 θ
546 3841 601 3910 iisd-5
611 3843 804 3894 consultissime
816 3841 875 3894 tort
881 3847 982 3911 praeter
996 3843 1226 3896 rotonensem

156 3911 180 3962 1)
192 3912 198 3978 t
214 3910 435 3981 inquamplartque
445 3908 615 3976 tart··touun
626 3912 754 3979 fiunhgt'a
766 3910 777 3980 ss
789 3912 821 3964 33
834 3920 926 3964 exerat
