2864 4344
593 123 734 176 sntllmlt
1155 127 1205 191 29,

85 277 110 328 H
125 292 202 336 num
217 273 304 336 lavat.
338 275 448 337 videris
464 276 547 351 milri,
562 277 779 358 Agamemnon,
795 280 909 342 dicere:
928 279 1021 361 “quid
1037 244 1094 343 iste
1108 300 1198 360 argu-

124 367 169 422 tat
184 357 373 422 molestus?’'
402 362 530 441 quintu,
547 363 695 445 quipotes
712 365 821 445 [loquil,
843 382 905 427 non
923 366 1055 445 loquere.
1086 385 1150 428 non
1164 386 1197 429 es

31 483 34 492 ι
122 455 249 508 nostrae
270 447 386 520 fasciae,
413 455 444 509 et
465 448 533 511 ideo
554 469 755 530 pauperorum
772 451 861 512 verba
884 451 1008 514 derides.
1036 451 1147 514 scimus
1168 461 1198 514 te

122 550 198 611 prae
213 533 314 594 literas
330 532 446 595 fatuum
461 553 537 596 esse.
571 537 727 616 quidergo
743 534 813 598 est?
846 536 944 616 aliqua
960 537 1007 599 die
1023 545 1052 599 te
1069 556 1196 617 persua-

88 631 103 678 5
122 618 212 679 deam
234 624 268 680 ut
290 617 327 679 ad
343 617 440 680 villam
455 620 557 683 venias
568 629 598 682 et
609 621 707 684 videas
724 622 837 688 casulas
848 620 987 686 nostras?
1009 624 1197 686 inveniemus

123 703 207 783 quod
223 703 450 774 manducemus,
466 707 590 785 pullum,
603 708 764 770 ova:·belle
779 708 844 781 erit,
868 707 957 770 etiam
978 709 1004 770 si
1025 709 1124 772 omnia
1142 711 1198 771 hoc

123 806 207 850 anno
229 797 393 869 tempestas
415 791 531 871 dispare
549 793 682 872 pallavit:
703 794 893 855 inveniemus
916 811 985 873 ergo
1008 794 1088 856 unde
1104 795 1197 858 saturi

122 875 246 936 fiamus.
282 884 312 937 et
326 874 385 936 iam
400 875 454 938 tibi
470 877 633 958 discipulus
645 879 752 940 crescit
767 878 863 940 cicaro
875 898 970 941 meus.
1003 879 1062 942 iam
1074 888 1197 959 quattu·

21 983 23 1042 3
123 978 160 1022 or
175 960 271 1040 partis
286 961 372 1035 dicit3
387 962 413 1023 si
428 962 541 1036 vixerit,
558 963 679 1026 habebis
695 965 730 1026 ad
746 965 823 1026 latus
835 965 996 1028 servulum.
1030 981 1100 1027 nam
1112 967 1198 1046 quic-

75 1058 104 1110 10
123 1045 201 1125 quid
215 1045 259 1108 illi
273 1054 364 1121 vacat,
380 1055 467 1128 caput
483 1048 520 1110 de
535 1049 633 1112 tabula
647 1051 804 1112 nontollit.
837 1050 1009 1130 ingeniosus
1018 1058 1064 1112 est
1077 1059 1107 1112 et
1116 1051 1196 1113 bono
1221 1083 1228 1094 ·

21 1151 22 1162 ¹
122 1131 184 1204 iilo,
201 1132 293 1194 etiam
308 1131 381 1194 siin
396 1151 463 1196 aves
479 1135 638 1198 morbosus
654 1144 709 1197 est.
739 1155 793 1216 ego
804 1136 845 1197 illi
856 1137 914 1198 iam
925 1143 987 1198 tres
999 1137 1129 1200 cardeles
1145 1155 1196 1199 oc·

21 1191 23 1288 1
123 1217 195 1290 cidi,
212 1226 243 1280 et
257 1216 317 1278 dixi
332 1218 411 1298 quod
427 1222 566 1284 mustella
582 1222 720 1284 comedit.
753 1222 868 1284 invenit
890 1229 990 1284 tamen
1006 1222 1076 1284 alias
1092 1223 1197 1284 naeni-
1255 1213 1258 1224 ’

124 1322 168 1374 as,
184 1312 215 1366 et
230 1303 425 1366 libentissime
441 1306 543 1386 pingit.
578 1315 712 1369 cetemm
722 1307 782 1368 iam
798 1307 950 1370 Graeculis
965 1307 1073 1370 edeam
1085 1308 1196 1388 impin-

124 1389 168 1468 git
185 1397 216 1450 et
231 1388 352 1452 Latinas
368 1391 465 1471 coepit
477 1411 539 1454 non
555 1395 631 1455 male
647 1401 795 1472 appetere,
816 1393 904 1455 etiam
926 1393 951 1454 si
968 1394 1110 1472 magister
1132 1395 1195 1455 eius

76 1486 105 1536 15
125 1473 184 1536 sibi
206 1476 326 1555 placens
346 1475 381 1536 fu
396 1495 452 1538 nec
470 1495 531 1540 uno
555 1480 619 1541 loco
642 1479 787 1553 consistit,
811 1480 863 1540 sed
882 1479 973 1550 venit,
997 1480 1065 1541 dem
1085 1479 1195 1552 literas,

21 1563 22 1566 ’
125 1561 181 1622 sed
197 1577 260 1621 non
276 1561 338 1622 vult
352 1561 495 1624 laborare.
542 1572 586 1626 est
601 1573 632 1626 et
647 1565 720 1626 alter
736 1583 799 1628 non
810 1564 934 1644 quidem
944 1564 1060 1637 doctus,
1076 1566 1129 1626 sed
1142 1584 1195 1626 cu-

125 1645 233 1718 riosus,
255 1646 307 1726 qui
328 1647 395 1726 plus
417 1648 503 1710 docet
517 1668 608 1729 quam
627 1651 691 1712 scit.
736 1650 835 1730 itaque
856 1649 969 1712 feriatis
991 1649 1096 1712 diebus
1120 1651 1196 1712 solet

125 1732 251 1794 domum
274 1732 386 1805 venire,
409 1741 438 1795 et
453 1735 594 1817 quicquid
613 1737 739 1809 dederis,
762 1742 922 1797 contentus
944 1742 998 1796 est.
1043 1735 1102 1796 emi
1124 1754 1194 1814 ergo

124 1836 209 1880 nunc
223 1835 318 1896 puero
334 1818 446 1898 aliquot
460 1819 536 1884 libra
550 1821 710 1893 rubricata,
725 1820 795 1901 quia
810 1820 875 1882 volo
890 1821 973 1882 illum
989 1820 1025 1881 ad
1040 1822 1195 1883 domusio-

77 1915 107 1967 10
124 1922 196 1966 nem
212 1903 323 1983 aliquid
338 1904 374 1966 de
390 1905 597 1984 inregustare.
641 1907 733 1968 habet
747 1908 820 1968 haec
838 1925 887 1968 res
909 1925 1027 1987 panem.
1072 1925 1143 1968 nam
1158 1907 1194 1968 li·

21 1955 23 2032 1
124 1989 198 2052 teris
214 1989 287 2050 satis
301 1989 474 2069 inquinatus
489 2001 543 2054 est.
574 1992 654 2073 quod
669 1992 694 2054 si
709 1991 856 2065 resilierit,
878 1992 1024 2054 destinavi
1041 1993 1124 2055 illum
1146 2011 1195 2054 ar-

21 2093 22 2108 *
125 2074 210 2136 tificii
226 2075 342 2148 docere,
357 2083 409 2136 aut
423 2078 627 2140 tonstreinum
642 2086 693 2140 aut
708 2073 886 2159 praeconem
902 2088 952 2141 aut
968 2083 1049 2140 certe
1065 2078 1195 2139 causidi-

126 2179 206 2234 cum,
229 2159 309 2240 quod
326 2160 367 2221 illi
383 2163 499 2224 auferre
514 2182 577 2225 non
593 2164 687 2244 possit
708 2163 767 2226 nisi
788 2164 891 2226 Oreus.
936 2164 1003 2225 ideo
1025 2163 1065 2224 illi
1085 2163 1194 2225 cotidie
1233 2183 1234 2188 ¹

126 2249 238 2308 clamo:
255 2245 448 2326 “Primigeni,
464 2251 553 2311 crede
565 2249 647 2324 milri,
659 2249 801 2331 quicquid
814 2250 913 2326 discis,
926 2247 981 2309 tibi
992 2248 1092 2311 discis.
1114 2249 1194 2310 vides

81 2344 109 2394 25
128 2332 323 2394 Phileronem
339 2334 535 2396 causidicum:
551 2336 577 2398 si
593 2354 655 2397 non
670 2335 828 2407 didicisset,
844 2335 931 2396 hodie
946 2336 1056 2397 famem
1072 2353 1089 2395 a
1104 2334 1194 2396 labris

127 2435 190 2480 non
205 2416 344 2496 abigeret.
387 2419 487 2490 modo,
508 2422 598 2483 modo
614 2421 689 2482 collo
704 2440 759 2482 suo
782 2418 1010 2482 circumferebat
1031 2437 1121 2481 onera
1142 2440 1193 2482 ve·

127 2501 214 2576 nelis,
231 2504 413 2565 nuncetiam
430 2505 570 2568 adversus
586 2505 760 2569 Norbanum
775 2525 807 2568 se
822 2506 965 2568 extendit.
1009 2503 1111 2566 literae
1125 2506 1193 2566 the-

127 2607 250 2652 saumm
262 2595 318 2660 est,
334 2596 364 2651 et
380 2590 537 2654 artificium
552 2610 707 2672 nunquam
723 2590 880 2654 moritur.’'

212 2673 361 2736 eiusmodi
374 2676 490 2739 fabulae
505 2677 673 2750 vibrabant,
688 2696 756 2738 cum
772 2675 948 2738 Trimalchio
960 2675 1081 2737 intravit
1092 2682 1123 2737 et
1137 2676 1191 2736 de·
1204 2677 1243 2736 47

80 2768 109 2820 co
126 2767 204 2822 tersa
216 2759 315 2820 fronte
330 2769 485 2840 unguento
501 2783 608 2827 manus
620 2763 688 2826 lavit
699 2763 857 2844 spatioque
875 2762 1000 2823 minimo
1017 2761 1192 2842 interposito

127 2845 281 2925 ‘ignoscite
297 2845 378 2908 mihi'
393 2847 491 2928 inquit
507 2850 614 2925 amici,
630 2848 731 2912 multis
742 2849 801 2911 iam
813 2849 918 2911 diebus
930 2855 1036 2909 venter
1046 2847 1192 2908 mihinon

125 2931 289 3010 respondit.
336 2951 391 2994 nee
406 2933 514 2996 medici
529 2954 562 2996 se
577 2934 744 2997 inveniunt.
785 2935 902 3016 profuit
918 2933 988 2995 mihi
1009 2941 1111 2996 tamen
1126 2951 1192 2994 ma-

125 3015 263 3078 licorium
278 3025 308 3078 et
322 3019 414 3081 taeda«
423 3039 460 3080 ex
474 3027 567 3082 aceto.
601 3037 689 3101 spero
705 3014 815 3091 tamen,
830 3021 1030 3082 iamveterem
1046 3020 1189 3099 pudorem

128 3101 184 3163 sibi
198 3102 344 3182 imponet.
380 3105 510 3186 alioquin
523 3105 598 3169 circa
610 3105 795 3169 stomachum
812 3105 884 3167 milri
898 3112 994 3177 sonat,
1016 3113 1104 3185 putes
1122 3112 1190 3166 tau-

84 3196 111 3246 33
127 3205 205 3249 rum.
240 3188 341 3268 itaque
357 3190 382 3251 si
398 3191 464 3270 quis
480 3198 611 3254 vestmm
629 3191 757 3254 voluerit
772 3211 823 3254 sua
837 3209 871 3252 re
888 3192 991 3268 [causa]
1008 3192 1114 3264 lacere,
1129 3207 1191 3250 non

127 3279 171 3334 est
186 3274 267 3353 quod
282 3274 366 3336 illum
382 3278 539 3356 pudeatne.
577 3296 667 3340 nemo
682 3285 820 3339 nostrum
836 3275 929 3338 solide
949 3282 1036 3338 natus
1052 3283 1107 3337 est.
1137 3293 1191 3354 ego

125 3357 239 3420 nullum
263 3367 336 3439 puto
362 3370 425 3423 tam
446 3380 587 3442 magnum
608 3369 794 3425 tormentum
822 3362 1001 3442 essequam
1025 3361 1190 3422 continere.

124 3443 181 3506 hoc
195 3444 292 3506 solum
309 3455 410 3532 vetare
425 3467 481 3512 nec
496 3449 571 3511 lovis
587 3457 695 3530 potest.
728 3449 818 3523 rides,
834 3447 1005 3520 Fortunata,
1021 3465 1096 3527 quae
1112 3447 1190 3508 soles

124 3547 171 3591 me
185 3537 275 3594 nocte
288 3531 465 3596 desomnem
481 3531 601 3597 iacere?
624 3554 680 3596 nec
693 3535 835 3597 tamenin
848 3534 977 3597 triclinio
990 3534 1083 3596 ullum
1100 3540 1189 3594 vetuo

191 3742 207 3792 2
225 3751 299 3809 potes
310 3743 416 3810 loquere
429 3760 479 3795 non
490 3745 560 3813 loqui
573 3742 582 3812 11
596 3745 610 3794 ’1
624 3743 764 3810 dispulavit
773 3741 880 3796 Orellim
892 3742 901 3812 11
918 3744 945 3796 11
961 3757 1038 3793 naves
1052 3740 1061 3810 11
1077 3742 1106 3791 15
1120 3742 1155 3792 sit
1167 3738 1176 3808 11

127 3813 155 3864 id
166 3811 282 3877 sortasse
294 3813 360 3878 vult,
373 3813 428 3863 dem
441 3810 450 3882 11
463 3813 491 3865 21
506 3813 642 3864 artificium
655 3811 801 3880 Sedefferur
814 3811 823 3880 1
837 3812 1056 3863 ascentionum
1068 3809 1078 3880 11
1092 3811 1189 3860 33313-

123 3880 244 3932 leieorum
257 3879 266 3947 11
280 3881 311 3931 33
324 3889 440 3934 ventrem
454 3880 463 3949 11
476 3881 508 3933 38
522 3885 617 3934 emeteci
626 3890 725 3933 mutare
736 3881 748 3950 11
761 3881 793 3933 39
805 3883 878 3934 vetui
