2860 4340
595 117 737 172 shrtithtt

74 283 120 335 to
179 281 228 342 hic
242 280 292 341 dat
307 278 369 340 reia
384 280 471 358 togae
483 278 681 357 fortunaeque
695 276 794 339 omnia
811 277 913 338 credit.

179 365 253 446 quid
267 373 329 426 tam
341 381 430 444 parva
443 359 574 448 queror?
596 363 796 442 geminorum
809 363 931 424 consule
943 362 1075 442 Magnus,

178 452 228 514 iiie
243 459 357 512 tremor
371 450 458 511 Ponti
475 449 614 528 saevique
627 457 764 529 repertor
778 448 922 528 Hydaspis

179 544 210 599 et
225 538 387 617 piratarum
402 534 552 615 scopulus,
568 535 658 596 modo
673 553 761 614 quem
777 540 824 595 ter
839 541 975 608 ovantem
1131 555 1181 606 240

180 622 316 704 Iuppiter
329 622 495 696 horruerat,
512 639 601 701 quem
617 621 711 682 tracto
727 620 841 702 gurgite
856 620 971 682 Pontus

181 717 212 770 et
228 717 387 770 veneratus
402 706 627 769 erat'submissa
642 706 790 786 Bosporos
805 705 895 778 unda,

181 812 236 874 pro
251 794 357 874 pudor,
373 793 491 873 imperii
507 794 624 878 deserto
638 793 762 854 nomine
776 792 860 871 fugit,

180 888 215 941 ut
229 880 361 941 Fortuna
376 878 447 940 levis
463 877 561 958 Magni
576 895 696 962 quoque
711 887 793 960 terga
809 877 931 939 videret.

225 983 295 1045 ergo
311 973 395 1028 tonte
410 965 474 1027 lues
491 965 592 1027 divum
608 982 727 1044 quoque
742 965 867 1025 numina
883 963 960 1035 vicit,
1133 981 1183 1032 245
1210 977 1270 1040 124
1370 1011 1382 1040 ,

181 1050 393 1132 consensitque
407 1055 492 1131 tugae
507 1049 579 1112 caeli
593 1051 693 1111 timor.
728 1067 795 1112 ecce
810 1068 864 1131 per
878 1050 980 1112 orbem

183 1137 264 1200 mitis
279 1137 367 1210 turba
382 1138 471 1198 deum
487 1145 582 1200 terras
598 1155 687 1197 exosa
702 1137 833 1197 timentes

183 1223 294 1286 deserit
309 1229 397 1304 atque
408 1223 565 1285 hominum
578 1223 751 1284 damnatum
763 1219 906 1284 avertitur
917 1240 1032 1302 agmen.

183 1311 244 1372 Pax
258 1309 354 1389 prima
369 1316 438 1372 ante
454 1309 523 1370 alias
538 1310 640 1370 niveos
656 1306 770 1388 pulsata
786 1307 912 1371 lacertos

183 1393 340 1458 abscondit
353 1395 430 1476 palla
444 1396 555 1457 victum
572 1402 659 1476 caput
674 1401 764 1474 atque
778 1395 881 1457 relicto

185 1480 259 1544 orba
273 1480 359 1561 fugax
372 1481 444 1544 liliis
459 1481 535 1562 petit
549 1479 731 1560 implacabile
746 1497 882 1560 regnum.

185 1567 255 1629 huic
269 1585 369 1628 comes
383 1565 407 1626 it
417 1565 569 1642 ,submissa
583 1567 670 1628 Fides
683 1574 713 1627 et
728 1566 811 1628 on‘ne
827 1567 924 1628 soluto

184 1651 300 1714 iustitia
316 1671 350 1714 ac
364 1669 503 1715 maerens
523 1653 618 1714 lacera
633 1651 796 1736 Concordia
811 1651 898 1732 palia.

186 1746 217 1800 at
232 1746 344 1810 contra,
359 1738 445 1800 sedes
460 1738 548 1800 Erebi
564 1757 621 1818 qua
637 1744 725 1816 rupta
741 1737 875 1810 dehiscit,

187 1823 314 1902 emergit
329 1823 386 1885 iate
402 1823 476 1886 Ditis
491 1825 610 1895 chorus,
626 1823 746 1885 horrida
762 1819 867 1904 Erinys

187 1917 217 1972 et
231 1909 352 1971 Bellona
367 1908 466 1970 minax
481 1909 653 1989 facibusque
669 1917 781 1970 armata
796 1909 930 1988 Megaera

186 1997 354 2075 Letumque
368 1995 556 2076 insidiaeque
573 2005 602 2056 et
616 1994 713 2056 lurida
725 1995 826 2056 Mortis
842 1996 948 2075 imago.

187 2097 261 2163 quas
276 2081 354 2142 inter
369 2079 474 2158 Furor,
491 2081 624 2160 abruptis
641 2099 692 2143 ceu
709 2080 784 2142 iiber
797 2081 929 2156 habenis,

186 2163 385 2246 sanguineum
398 2167 456 2228 leto
471 2167 548 2229 tollit
561 2175 648 2246 capnt
663 2185 772 2247 oraque
787 2167 868 2229 mille

186 2252 360 2315 vulneribus
375 2251 512 2314 coniossa
528 2260 650 2314 cruenta
666 2253 779 2314 casside
794 2254 880 2315 velat.

187 2340 289 2400 haeret
305 2339 431 2399 detritus
445 2339 543 2400 laevae
559 2339 719 2400 Mavortius
735 2338 826 2400 umbo

186 2421 457 2486 innumerabilibus
472 2424 538 2485 telis
553 2424 658 2504 gravis,
676 2433 766 2505 atque
780 2424 918 2503 flagranti

188 2510 291 2591 stipite
306 2509 408 2571 dextra
423 2509 523 2570 minax
536 2510 624 2572 terris
639 2509 774 2571 incendia
790 2515 897 2590 portat.

231 2595 323 2657 sentit
336 2604 417 2656 terra
432 2596 503 2657 deos
519 2602 691 2675 mutataque
702 2594 799 2656 sidera
814 2595 932 2675 pondus
1043 2581 1057 2614 '

189 2681 361 2762 quaesivere
377 2699 479 2754 suum3
495 2699 626 2764 namque
642 2682 740 2742 omnis
755 2681 834 2759 regia
850 2679 922 2743 caeli

188 2769 220 2828 in
233 2763 335 2847 partes
351 2767 469 2828 diducta
484 2768 573 2831 ruit„
591 2767 781 2847 primumque
797 2767 893 2828 Dione

188 2853 320 2915 Caesaris
336 2861 399 2914 acta
415 2852 567 2926 suidam,
585 2872 685 2915 comes
701 2852 821 2915 additur
835 2853 878 2913 ilii

188 2938 284 2999 Pallas
299 2944 328 2999 et
342 2938 493 3017 ingentem
510 2939 651 3017 quatiens·
662 2937 822 3000 Mavortius
837 2939 966 2999 hastam.

187 3023 326 3104 Magnum
342 3042 411 3085 cum
426 3021 548 3084 Phoebo
565 3043 651 3086 soror
667 3032 696 3084 et
712 3024 839 3104 Cyllenia
853 3023 952 3104 proies

187 3107 294 3188 excipit
309 3127 343 3172 ac
357 3107 427 3170 totis
443 3108 545 3170 similis
562 3107 733 3192 Tirynthius
746 3109 827 3171 actis.

230 3194 415 3258 intremuere
430 3193 517 3256 tubae
533 3215 566 3257 ac
582 3195 674 3260 scisso
689 3195 840 3257 Discordia
856 3193 939 3256 crine

186 3281 293 3342 extulit
308 3279 343 3341 ad
352 3275 484 3360 'superos
501 3279 635 3361 Stygium
651 3287 747 3362 caput.
779 3281 869 3342 huius
884 3279 915 3340 in
932 3298 983 3339 ore

187 3373 346 3429 concretus
362 3365 490 3446 sanguis,
509 3375 692 3450 contusaque
707 3366 820 3428 lumina
835 3365 960 3428 tiebant:

187 3453 306 3514 stabant
321 3453 413 3532 aerati
429 3451 531 3514 scabra
547 3453 684 3532 rubigine
701 3453 816 3524 demea,

186 3537 255 3598 tabo
271 3537 370 3617 lingua
386 3537 492 3613 linens,
509 3537 631 3601 obsessa
647 3537 827 3601 draconibus
844 3552 903 3612 ora,
1142 3546 1191 3596 275

211 3749 262 3800 239
282 3747 373 3798 Parthi
388 3749 482 3798 conieci
493 3744 502 3815 ΙΙ
520 3748 569 3800 241
585 3754 697 3798 ornant
716 3742 895 3812 momnmq
908 3739 1055 3808 tutudisti
1068 3741 1118 3792 250
1135 3741 1209 3805 galea

153 3817 163 3886 l
176 3818 226 3870 tot
235 3832 307 3868 arma
324 3817 493 3866 Passeratius
506 3815 515 3883 ΙΙ
529 3815 578 3867 269
595 3829 733 3880 magnaque
745 3829 800 3865 cum
814 3813 823 3882 li
837 3815 883 3866 tri
898 3827 929 3863 nc
943 3827 993 3862 oen.
1012 3809 1092 3860 occiso
1108 3811 1209 3860 Parisi-

140 3902 189 3937 nus
202 3884 270 3936 8019
282 3884 291 3953 ΙΙ
305 3885 354 3936 273
359 3885 481 3950 fortusse
491 3885 552 3934 fletu
565 3881 574 3949 11
588 3883 638 3935 tot
649 3883 713 3935 irati
