<?xml version="1.0" encoding="UTF-8"?>
<!DOCTYPE html PUBLIC "-//W3C//DTD XHTML 1.0 Transitional//EN"
    "http://www.w3.org/TR/xhtml1/DTD/xhtml1-transitional.dtd">
<html xmlns="http://www.w3.org/1999/xhtml" xml:lang="en" lang="en">
 <head>
  <title>
</title>
<meta http-equiv="Content-Type" content="text/html;charset=utf-8" />
  <meta name='ocr-system' content='tesseract 3.04.00' />
  <meta name='ocr-capabilities' content='ocr_page ocr_carea ocr_par ocr_line ocrx_word'/>
</head>
<body>
  <div class='ocr_page' id='page_1' title='image "./satiraeetliberp00buecgoog_0087.png"; bbox 0 0 2860 4340; ppageno 0'>
   <div class='ocr_carea' id='block_1_1' title="bbox 178 94 786 162">
    <p class='ocr_par' dir='ltr' id='par_1_1' title="bbox 178 94 786 162">
     <span class='ocr_line' id='line_1_1' title="bbox 178 94 786 162; baseline 0.003 -2"><span class='ocrx_word' id='word_1_1' title='bbox 178 100 220 162; x_wconf 76' lang='lat' dir='ltr'><strong>&#39;lu</strong></span> <span class='ocrx_word' id='word_1_2' title='bbox 630 94 786 148; x_wconf 59' lang='grc' dir='ltr'><strong>ΜΝ</strong></span> 
     </span>
    </p>
   </div>
   <div class='ocr_carea' id='block_1_2' title="bbox 109 249 1358 3496">
    <p class='ocr_par' dir='ltr' id='par_1_2' title="bbox 174 249 1325 1015">
     <span class='ocr_line' id='line_1_2' title="bbox 176 249 1296 331; baseline 0.002 -17"><span class='ocrx_word' id='word_1_3' title='bbox 176 252 278 314; x_wconf 88' lang='lat' dir='ltr'><strong>dolore</strong></span> <span class='ocrx_word' id='word_1_4' title='bbox 293 268 521 331; x_wconf 74' lang='lat' dir='ltr'><strong>supmacaoae</strong></span> <span class='ocrx_word' id='word_1_5' title='bbox 541 249 618 312; x_wconf 80' lang='lat' dir='ltr'><strong>nihil</strong></span> <span class='ocrx_word' id='word_1_6' title='bbox 630 249 792 330; x_wconf 78' lang='lat' dir='ltr'><strong>profuturo</strong></span> <span class='ocrx_word' id='word_1_7' title='bbox 804 250 919 328; x_wconf 68' lang='lat' dir='ltr'><strong>gamus</strong></span> <span class='ocrx_word' id='word_1_8' title='bbox 939 257 1046 328; x_wconf 66' lang='lat' dir='ltr'><strong>pectis</strong></span> <span class='ocrx_word' id='word_1_9' title='bbox 1067 250 1238 312; x_wconf 67' lang='lat' dir='ltr'><strong>itinero:</strong></span> <span class='ocrx_word' id='word_1_10' title='bbox 1252 261 1296 316; x_wconf 78' lang='lat' dir='ltr'><strong>Lo</strong></span> 
     </span>
     <span class='ocr_line' id='line_1_3' title="bbox 176 335 1325 414; baseline -0.001 -15"><span class='ocrx_word' id='word_1_11' title='bbox 176 337 312 399; x_wconf 92' lang='lat' dir='ltr'><strong>omnium</strong></span> <span class='ocrx_word' id='word_1_12' title='bbox 328 336 458 399; x_wconf 90' lang='lat' dir='ltr'><strong>eundem</strong></span> <span class='ocrx_word' id='word_1_13' title='bbox 473 356 539 398; x_wconf 88' lang='lat' dir='ltr'><strong>esse</strong></span> <span class='ocrx_word' id='word_1_14' title='bbox 555 336 667 398; x_wconf 83' lang='lat' dir='ltr'><strong>eritrrm</strong></span> <span class='ocrx_word' id='word_1_15' title='bbox 681 337 753 414; x_wconf 85' lang='lat' dir='ltr'><strong>[sed]</strong></span> <span class='ocrx_word' id='word_1_16' title='bbox 769 336 893 397; x_wconf 86' lang='lat' dir='ltr'><strong>elidem</strong></span> <span class='ocrx_word' id='word_1_17' title='bbox 909 335 1103 408; x_wconf 72' lang='lat' dir='ltr'><strong>domicilium,</strong></span> <span class='ocrx_word' id='word_1_18' title='bbox 1116 344 1149 396; x_wconf 89' lang='lat' dir='ltr'><strong>et</strong></span> <span class='ocrx_word' id='word_1_19' title='bbox 1162 345 1245 398; x_wconf 82' lang='lat' dir='ltr'><strong>cote-</strong></span> <span class='ocrx_word' id='word_1_20' title='bbox 1322 377 1325 387; x_wconf 82' lang='lat'>·</span> 
     </span>
     <span class='ocr_line' id='line_1_4' title="bbox 174 421 1244 502; baseline -0.002 -17"><span class='ocrx_word' id='word_1_21' title='bbox 174 442 208 485; x_wconf 90' lang='lat' dir='ltr'><strong>ra</strong></span> <span class='ocrx_word' id='word_1_22' title='bbox 223 422 332 502; x_wconf 84' lang='lat' dir='ltr'><strong>quibus</strong></span> <span class='ocrx_word' id='word_1_23' title='bbox 347 423 531 484; x_wconf 75' lang='lat' dir='ltr'>exulceratae</span> <span class='ocrx_word' id='word_1_24' title='bbox 551 429 667 482; x_wconf 86' lang='lat' dir='ltr'><strong>mentes</strong></span> <span class='ocrx_word' id='word_1_25' title='bbox 689 422 727 482; x_wconf 94' lang='lat' dir='ltr'><strong>ad</strong></span> <span class='ocrx_word' id='word_1_26' title='bbox 746 421 907 484; x_wconf 90' lang='lat' dir='ltr'><strong>sanitatem</strong></span> <span class='ocrx_word' id='word_1_27' title='bbox 927 428 1113 482; x_wconf 82' lang='lat' dir='ltr'><strong>revocantur.</strong></span> <span class='ocrx_word' id='word_1_28' title='bbox 1145 428 1177 481; x_wconf 88' lang='lat' dir='ltr'><strong>at</strong></span> <span class='ocrx_word' id='word_1_29' title='bbox 1194 421 1244 483; x_wconf 92' lang='lat' dir='ltr'><strong>illa</strong></span> 
     </span>
     <span class='ocr_line' id='line_1_5' title="bbox 175 506 1243 588; baseline -0.002 -18"><span class='ocrx_word' id='word_1_30' title='bbox 175 509 278 588; x_wconf 78' lang='lat' dir='ltr'><strong>ignota</strong></span> <span class='ocrx_word' id='word_1_31' title='bbox 298 507 502 570; x_wconf 72' lang='lat' dir='ltr'><strong>consolatione</strong></span> <span class='ocrx_word' id='word_1_32' title='bbox 515 525 655 588; x_wconf 70' lang='lat' dir='ltr'><strong>pmcnm</strong></span> <span class='ocrx_word' id='word_1_33' title='bbox 669 507 806 568; x_wconf 77' lang='lat' dir='ltr'><strong>laceravit</strong></span> <span class='ocrx_word' id='word_1_34' title='bbox 825 506 1036 568; x_wconf 67' lang='lat' dir='ltr'><strong>mbemcutius</strong></span> <span class='ocrx_word' id='word_1_35' title='bbox 1049 514 1154 586; x_wconf 85' lang='lat' dir='ltr'><strong>pectus</strong></span> <span class='ocrx_word' id='word_1_36' title='bbox 1168 525 1243 586; x_wconf 93' lang='lat' dir='ltr'><strong>rup-</strong></span> 
     </span>
     <span class='ocr_line' id='line_1_6' title="bbox 175 592 1277 674; baseline 0 -20"><span class='ocrx_word' id='word_1_37' title='bbox 175 602 284 673; x_wconf 82' lang='lat' dir='ltr'><strong>tosque</strong></span> <span class='ocrx_word' id='word_1_38' title='bbox 299 593 397 655; x_wconf 88' lang='lat' dir='ltr'><strong>crines</strong></span> <span class='ocrx_word' id='word_1_39' title='bbox 410 611 501 674; x_wconf 81' lang='lat' dir='ltr'><strong>snper</strong></span> <span class='ocrx_word' id='word_1_40' title='bbox 516 611 623 672; x_wconf 70' lang='lat' dir='ltr'><strong>corpu</strong></span> <span class='ocrx_word' id='word_1_41' title='bbox 642 593 765 654; x_wconf 83' lang='lat' dir='ltr'><strong>iacentis</strong></span> <span class='ocrx_word' id='word_1_42' title='bbox 785 593 938 672; x_wconf 79' lang='lat' dir='ltr'><strong>inposuit</strong></span> <span class='ocrx_word' id='word_1_43' title='bbox 970 609 1035 652; x_wconf 91' lang='lat' dir='ltr'><strong>non</strong></span> <span class='ocrx_word' id='word_1_44' title='bbox 1053 592 1179 654; x_wconf 68' lang='lat' dir='ltr'><strong>mio</strong></span> <span class='ocrx_word' id='word_1_45' title='bbox 1195 601 1243 654; x_wconf 92' lang='lat' dir='ltr'><strong>ta-</strong></span> <span class='ocrx_word' id='word_1_46' title='bbox 1262 613 1277 661; x_wconf 81' lang='lat'><strong>5</strong></span> 
     </span>
     <span class='ocr_line' id='line_1_7' title="bbox 176 677 1245 752; baseline 0 -12"><span class='ocrx_word' id='word_1_47' title='bbox 176 697 247 740; x_wconf 89' lang='lat' dir='ltr'><strong>men</strong></span> <span class='ocrx_word' id='word_1_48' title='bbox 268 678 363 752; x_wconf 85' lang='lat' dir='ltr'><strong>miles,</strong></span> <span class='ocrx_word' id='word_1_49' title='bbox 387 680 438 742; x_wconf 89' lang='lat' dir='ltr'><strong>scd</strong></span> <span class='ocrx_word' id='word_1_50' title='bbox 458 680 562 741; x_wconf 88' lang='lat' dir='ltr'><strong>eadem</strong></span> <span class='ocrx_word' id='word_1_51' title='bbox 582 678 788 739; x_wconf 82' lang='lat' dir='ltr'><strong>exhortatione</strong></span> <span class='ocrx_word' id='word_1_52' title='bbox 807 678 934 738; x_wconf 79' lang='lat' dir='ltr'><strong>tentarit</strong></span> <span class='ocrx_word' id='word_1_53' title='bbox 958 677 1029 738; x_wconf 84' lang='lat' dir='ltr'><strong>dare</strong></span> <span class='ocrx_word' id='word_1_54' title='bbox 1050 677 1245 740; x_wconf 75' lang='lat' dir='ltr'><strong>muliercrdae</strong></span> 
     </span>
     <span class='ocr_line' id='line_1_8' title="bbox 175 761 1244 842; baseline -0.001 -16"><span class='ocrx_word' id='word_1_55' title='bbox 175 764 286 838; x_wconf 74' lang='lat' dir='ltr'><strong>cibum</strong></span> <span class='ocrx_word' id='word_1_56' title='bbox 302 764 397 826; x_wconf 85' lang='lat' dir='ltr'><strong>donee</strong></span> <span class='ocrx_word' id='word_1_57' title='bbox 415 764 519 826; x_wconf 87' lang='lat' dir='ltr'><strong>aneilla</strong></span> <span class='ocrx_word' id='word_1_58' title='bbox 539 763 601 824; x_wconf 88' lang='lat' dir='ltr'><strong>vini</strong></span> <span class='ocrx_word' id='word_1_59' title='bbox 621 770 704 826; x_wconf 87' lang='lat' dir='ltr'><strong>certe</strong></span> <span class='ocrx_word' id='word_1_60' title='bbox 722 763 765 823; x_wconf 83' lang='lat' dir='ltr'><strong>ab·</strong></span> <span class='ocrx_word' id='word_1_61' title='bbox 780 782 816 824; x_wconf 91' lang='lat' dir='ltr'><strong>eo</strong></span> <span class='ocrx_word' id='word_1_62' title='bbox 837 763 928 824; x_wconf 86' lang='lat' dir='ltr'><strong>odore</strong></span> <span class='ocrx_word' id='word_1_63' title='bbox 959 770 1100 842; x_wconf 87' lang='lat' dir='ltr'><strong>corrupta</strong></span> <span class='ocrx_word' id='word_1_64' title='bbox 1112 761 1244 842; x_wconf 88' lang='lat' dir='ltr'><strong>primum</strong></span> 
     </span>
     <span class='ocr_line' id='line_1_9' title="bbox 176 847 1244 930; baseline 0 -18"><span class='ocrx_word' id='word_1_65' title='bbox 176 851 238 930; x_wconf 92' lang='lat' dir='ltr'><strong>ipsa</strong></span> <span class='ocrx_word' id='word_1_66' title='bbox 254 849 386 930; x_wconf 80' lang='lat' dir='ltr'><strong>porrexit</strong></span> <span class='ocrx_word' id='word_1_67' title='bbox 399 851 437 912; x_wconf 86' lang='lat' dir='ltr'><strong>ad</strong></span> <span class='ocrx_word' id='word_1_68' title='bbox 453 849 669 912; x_wconf 87' lang='lat' dir='ltr'><strong>immanitatem</strong></span> <span class='ocrx_word' id='word_1_69' title='bbox 680 849 834 910; x_wconf 85' lang='lat' dir='ltr'><strong>invitantis</strong></span> <span class='ocrx_word' id='word_1_70' title='bbox 856 849 966 910; x_wconf 82' lang='lat' dir='ltr'><strong>rictam</strong></span> <span class='ocrx_word' id='word_1_71' title='bbox 982 866 1115 921; x_wconf 90' lang='lat' dir='ltr'><strong>manum,</strong></span> <span class='ocrx_word' id='word_1_72' title='bbox 1137 847 1244 912; x_wconf 82' lang='lat' dir='ltr'><strong>deinde</strong></span> 
     </span>
     <span class='ocr_line' id='line_1_10' title="bbox 177 933 1245 1015; baseline -0.001 -18"><span class='ocrx_word' id='word_1_73' title='bbox 177 936 288 997; x_wconf 86' lang='lat' dir='ltr'><strong>relecta</strong></span> <span class='ocrx_word' id='word_1_74' title='bbox 302 935 423 1014; x_wconf 79' lang='lat' dir='ltr'><strong>poticam</strong></span> <span class='ocrx_word' id='word_1_75' title='bbox 447 944 477 998; x_wconf 87' lang='lat' dir='ltr'><strong>et</strong></span> <span class='ocrx_word' id='word_1_76' title='bbox 495 935 562 997; x_wconf 89' lang='lat' dir='ltr'><strong>cibo</strong></span> <span class='ocrx_word' id='word_1_77' title='bbox 581 952 751 1015; x_wconf 75' lang='lat' dir='ltr'><strong>expugnare</strong></span> <span class='ocrx_word' id='word_1_78' title='bbox 771 934 909 995; x_wconf 92' lang='lat' dir='ltr'><strong>dominae</strong></span> <span class='ocrx_word' id='word_1_79' title='bbox 929 933 1124 1012; x_wconf 79' lang='lat' dir='ltr'><strong>pertinaciam</strong></span> <span class='ocrx_word' id='word_1_80' title='bbox 1145 934 1245 1014; x_wconf 87' lang='lat' dir='ltr'><strong>eoepit</strong></span> 
     </span>
    </p>

    <p class='ocr_par' dir='ltr' id='par_1_3' title="bbox 176 1019 1294 1254">
     <span class='ocr_line' id='line_1_11' title="bbox 178 1019 1294 1100; baseline 0.002 -18"><span class='ocrx_word' id='word_1_81' title='bbox 178 1029 208 1082; x_wconf 90' lang='lat' dir='ltr'><strong>et</strong></span> <span class='ocrx_word' id='word_1_82' title='bbox 223 1020 315 1100; x_wconf 84' lang='lat' dir='ltr'><strong>“quid</strong></span> <span class='ocrx_word' id='word_1_83' title='bbox 330 1020 480 1100; x_wconf 84' lang='lat' dir='ltr'><strong>proderit”</strong></span> <span class='ocrx_word' id='word_1_84' title='bbox 496 1021 595 1100; x_wconf 90' lang='lat' dir='ltr'><strong>inquit</strong></span> <span class='ocrx_word' id='word_1_85' title='bbox 610 1021 686 1082; x_wconf 86' lang='lat' dir='ltr'><strong>“hoe</strong></span> <span class='ocrx_word' id='word_1_86' title='bbox 699 1019 763 1090; x_wconf 87' lang='lat' dir='ltr'><strong>tibi,</strong></span> <span class='ocrx_word' id='word_1_87' title='bbox 777 1021 803 1080; x_wconf 90' lang='lat' dir='ltr'><strong>si</strong></span> <span class='ocrx_word' id='word_1_88' title='bbox 818 1019 916 1080; x_wconf 87' lang='lat' dir='ltr'><strong>soluta</strong></span> <span class='ocrx_word' id='word_1_89' title='bbox 932 1019 1029 1080; x_wconf 91' lang='lat' dir='ltr'><strong>inedia</strong></span> <span class='ocrx_word' id='word_1_90' title='bbox 1044 1019 1149 1093; x_wconf 75' lang='lat' dir='ltr'><strong>furens,</strong></span> <span class='ocrx_word' id='word_1_91' title='bbox 1172 1019 1199 1082; x_wconf 88' lang='lat' dir='ltr'><strong>si</strong></span> <span class='ocrx_word' id='word_1_92' title='bbox 1212 1028 1245 1081; x_wconf 88' lang='lat' dir='ltr'><strong>te</strong></span> <span class='ocrx_word' id='word_1_93' title='bbox 1262 1035 1294 1086; x_wconf 84' lang='lat' dir='ltr'><strong>to</strong></span> 
     </span>
     <span class='ocr_line' id='line_1_12' title="bbox 177 1105 1245 1235; baseline 0 -68"><span class='ocrx_word' id='word_1_94' title='bbox 177 1106 273 1168; x_wconf 83' lang='lat' dir='ltr'><strong>viram</strong></span> <span class='ocrx_word' id='word_1_95' title='bbox 288 1105 453 1235; x_wconf 50' lang='lat' dir='ltr'><strong>sepelier&#39;is,</strong></span> <span class='ocrx_word' id='word_1_96' title='bbox 476 1106 674 1186; x_wconf 81' lang='lat' dir='ltr'><strong>sianteqnam</strong></span> <span class='ocrx_word' id='word_1_97' title='bbox 689 1105 749 1167; x_wconf 90' lang='lat' dir='ltr'><strong>fata</strong></span> <span class='ocrx_word' id='word_1_98' title='bbox 769 1113 904 1184; x_wconf 86' lang='lat' dir='ltr'><strong>poscant,</strong></span> <span class='ocrx_word' id='word_1_99' title='bbox 925 1105 1134 1166; x_wconf 85' lang='lat' dir='ltr'><strong>indemnatum</strong></span> <span class='ocrx_word' id='word_1_100' title='bbox 1153 1105 1245 1185; x_wconf 82' lang='lat' dir='ltr'><strong>spiri-</strong></span> 
     </span>
     <span class='ocr_line' id='line_1_13' title="bbox 176 1190 418 1254; baseline -0.017 0"><span class='ocrx_word' id='word_1_101' title='bbox 176 1198 242 1254; x_wconf 89' lang='lat' dir='ltr'><strong>tum</strong></span> <span class='ocrx_word' id='word_1_102' title='bbox 259 1190 418 1253; x_wconf 86' lang='lat' dir='ltr'><strong>elluderis.</strong></span> 
     </span>
    </p>

    <p class='ocr_par' dir='ltr' id='par_1_4' title="bbox 176 1270 1297 1783">
     <span class='ocr_line' id='line_1_14' title="bbox 319 1270 1090 1354; baseline -0.004 -17"><span class='ocrx_word' id='word_1_103' title='bbox 319 1276 351 1337; x_wconf 93' lang='lat' dir='ltr'><strong>id</strong></span> <span class='ocrx_word' id='word_1_104' title='bbox 366 1275 497 1338; x_wconf 85' lang='lat' dir='ltr'><strong>cinerem</strong></span> <span class='ocrx_word' id='word_1_105' title='bbox 512 1285 563 1337; x_wconf 92' lang='lat' dir='ltr'><strong>aut</strong></span> <span class='ocrx_word' id='word_1_106' title='bbox 577 1292 686 1336; x_wconf 84' lang='lat' dir='ltr'><strong>manes</strong></span> <span class='ocrx_word' id='word_1_107' title='bbox 695 1273 795 1336; x_wconf 83' lang='lat' dir='ltr'><strong>credis</strong></span> <span class='ocrx_word' id='word_1_108' title='bbox 805 1274 918 1338; x_wconf 86' lang='lat' dir='ltr'><strong>sentire</strong></span> <span class='ocrx_word' id='word_1_109' title='bbox 932 1270 1090 1354; x_wconf 71' lang='lat' dir='ltr'><strong>sepultos?</strong></span> 
     </span>
     <span class='ocr_line' id='line_1_15' title="bbox 178 1357 1242 1440; baseline 0 -18"><span class='ocrx_word' id='word_1_110' title='bbox 178 1357 469 1423; x_wconf 77' lang='lat' dir='ltr'><strong>vistureririsoere?</strong></span> <span class='ocrx_word' id='word_1_111' title='bbox 484 1359 669 1424; x_wconf 84' lang='lat' dir='ltr'><strong>risdlseusso</strong></span> <span class='ocrx_word' id='word_1_112' title='bbox 678 1360 815 1422; x_wconf 77' lang='lat' dir='ltr'><strong>miliebri</strong></span> <span class='ocrx_word' id='word_1_113' title='bbox 830 1379 943 1434; x_wconf 81' lang='lat' dir='ltr'><strong>errare,</strong></span> <span class='ocrx_word' id='word_1_114' title='bbox 957 1379 1047 1440; x_wconf 74' lang='lat' dir='ltr'><strong>quam</strong></span> <span class='ocrx_word' id='word_1_115' title='bbox 1058 1359 1242 1434; x_wconf 83' lang='lat' dir='ltr'><strong>diuliormnit,</strong></span> 
     </span>
     <span class='ocr_line' id='line_1_16' title="bbox 176 1443 1297 1526; baseline 0.004 -20"><span class='ocrx_word' id='word_1_116' title='bbox 176 1445 251 1508; x_wconf 89' lang='lat' dir='ltr'><strong>lucis</strong></span> <span class='ocrx_word' id='word_1_117' title='bbox 266 1447 430 1508; x_wconf 82' lang='lat' dir='ltr'><strong>commodis</strong></span> <span class='ocrx_word' id='word_1_118' title='bbox 443 1443 526 1508; x_wconf 77' lang='lat' dir='ltr'><strong>frui?</strong></span> <span class='ocrx_word' id='word_1_119' title='bbox 547 1447 651 1526; x_wconf 84' lang='lat' dir='ltr'><strong>ipsum</strong></span> <span class='ocrx_word' id='word_1_120' title='bbox 664 1455 694 1508; x_wconf 87' lang='lat' dir='ltr'><strong>te</strong></span> <span class='ocrx_word' id='word_1_121' title='bbox 708 1445 833 1508; x_wconf 71' lang='lat' dir='ltr'><strong>nonos</strong></span> <span class='ocrx_word' id='word_1_122' title='bbox 847 1464 955 1526; x_wconf 85' lang='lat' dir='ltr'><strong>eorpus</strong></span> <span class='ocrx_word' id='word_1_123' title='bbox 967 1447 1130 1510; x_wconf 74' lang='lat' dir='ltr'><strong>admonere</strong></span> <span class='ocrx_word' id='word_1_124' title='bbox 1144 1445 1244 1520; x_wconf 75' lang='lat' dir='ltr'><strong>debet,</strong></span> <span class='ocrx_word' id='word_1_125' title='bbox 1265 1461 1297 1513; x_wconf 78' lang='lat'><strong>15</strong></span> 
     </span>
     <span class='ocr_line' id='line_1_17' title="bbox 176 1530 1247 1609; baseline 0 -15"><span class='ocrx_word' id='word_1_126' title='bbox 176 1538 213 1594; x_wconf 82' lang='lat' dir='ltr'><strong>ut</strong></span> <span class='ocrx_word' id='word_1_127' title='bbox 225 1530 333 1593; x_wconf 81' lang='lat' dir='ltr'><strong>viras.’&#39;</strong></span> <span class='ocrx_word' id='word_1_128' title='bbox 360 1549 451 1595; x_wconf 88' lang='lat' dir='ltr'><strong>nemo</strong></span> <span class='ocrx_word' id='word_1_129' title='bbox 466 1531 578 1594; x_wconf 84' lang='lat' dir='ltr'><strong>invitm</strong></span> <span class='ocrx_word' id='word_1_130' title='bbox 590 1531 697 1606; x_wconf 71' lang='lat' dir='ltr'><strong>audit·</strong></span> <span class='ocrx_word' id='word_1_131' title='bbox 710 1550 779 1594; x_wconf 86' lang='lat' dir='ltr'><strong>cum</strong></span> <span class='ocrx_word' id='word_1_132' title='bbox 794 1531 910 1609; x_wconf 82' lang='lat' dir='ltr'><strong>cogitur</strong></span> <span class='ocrx_word' id='word_1_133' title='bbox 931 1540 983 1592; x_wconf 86' lang='lat' dir='ltr'><strong>aut</strong></span> <span class='ocrx_word' id='word_1_134' title='bbox 1004 1531 1110 1594; x_wconf 86' lang='lat' dir='ltr'><strong>eibum</strong></span> <span class='ocrx_word' id='word_1_135' title='bbox 1125 1551 1247 1596; x_wconf 75' lang='lat' dir='ltr'><strong>sontem</strong></span> 
     </span>
     <span class='ocr_line' id='line_1_18' title="bbox 177 1616 1247 1698; baseline 0.003 -19"><span class='ocrx_word' id='word_1_136' title='bbox 177 1623 229 1680; x_wconf 86' lang='lat' dir='ltr'><strong>aut</strong></span> <span class='ocrx_word' id='word_1_137' title='bbox 243 1616 350 1679; x_wconf 86' lang='lat' dir='ltr'><strong>virere.</strong></span> <span class='ocrx_word' id='word_1_138' title='bbox 383 1617 485 1698; x_wconf 90' lang='lat' dir='ltr'><strong>itaque</strong></span> <span class='ocrx_word' id='word_1_139' title='bbox 500 1617 607 1679; x_wconf 90' lang='lat' dir='ltr'><strong>mulier</strong></span> <span class='ocrx_word' id='word_1_140' title='bbox 620 1618 734 1697; x_wconf 79' lang='lat' dir='ltr'><strong>aliquot</strong></span> <span class='ocrx_word' id='word_1_141' title='bbox 742 1617 859 1678; x_wconf 88' lang='lat' dir='ltr'><strong>dierum</strong></span> <span class='ocrx_word' id='word_1_142' title='bbox 874 1617 1054 1680; x_wconf 86' lang='lat' dir='ltr'><strong>abstinentia</strong></span> <span class='ocrx_word' id='word_1_143' title='bbox 1068 1618 1144 1682; x_wconf 81' lang='lat' dir='ltr'><strong>sicea</strong></span> <span class='ocrx_word' id='word_1_144' title='bbox 1158 1633 1247 1697; x_wconf 73' lang='lat' dir='ltr'><strong>pesse</strong></span> 
     </span>
     <span class='ocr_line' id='line_1_19' title="bbox 178 1693 1244 1783; baseline 0.002 -19"><span class='ocrx_word' id='word_1_145' title='bbox 178 1709 225 1764; x_wconf 83' lang='lat' dir='ltr'><strong>est</strong></span> <span class='ocrx_word' id='word_1_146' title='bbox 237 1702 335 1782; x_wconf 75' lang='lat' dir='ltr'><strong>lrangi</strong></span> <span class='ocrx_word' id='word_1_147' title='bbox 345 1704 538 1782; x_wconf 87' lang='lat' dir='ltr'><strong>pertinaciam</strong></span> <span class='ocrx_word' id='word_1_148' title='bbox 560 1722 656 1776; x_wconf 87' lang='lat' dir='ltr'><strong>suam,</strong></span> <span class='ocrx_word' id='word_1_149' title='bbox 677 1720 732 1765; x_wconf 88' lang='lat' dir='ltr'><strong>nec</strong></span> <span class='ocrx_word' id='word_1_150' title='bbox 750 1702 852 1764; x_wconf 89' lang='lat' dir='ltr'><strong>minus</strong></span> <span class='ocrx_word' id='word_1_151' title='bbox 871 1702 956 1764; x_wconf 84' lang='lat' dir='ltr'><strong>aride</strong></span> <span class='ocrx_word' id='word_1_152' title='bbox 974 1703 1099 1783; x_wconf 79' lang='lat' dir='ltr'><strong>repladt</strong></span> <span class='ocrx_word' id='word_1_153' title='bbox 1122 1722 1156 1766; x_wconf 89' lang='lat' dir='ltr'><strong>sc</strong></span> <span class='ocrx_word' id='word_1_154' title='bbox 1178 1693 1244 1766; x_wconf 78' lang='lat' dir='ltr'><strong>eido</strong></span> 
     </span>
    </p>

    <p class='ocr_par' dir='ltr' id='par_1_5' title="bbox 109 1787 1358 2209">
     <span class='ocr_line' id='line_1_20' title="bbox 109 1787 1248 1869; baseline 0.002 -19"><span class='ocrx_word' id='word_1_155' title='bbox 109 1797 169 1859; x_wconf 85' lang='lat'><strong>112</strong></span> <span class='ocrx_word' id='word_1_156' title='bbox 178 1807 266 1868; x_wconf 82' lang='lat' dir='ltr'><strong>quam</strong></span> <span class='ocrx_word' id='word_1_157' title='bbox 282 1788 396 1862; x_wconf 83' lang='lat' dir='ltr'><strong>ancilla,</strong></span> <span class='ocrx_word' id='word_1_158' title='bbox 411 1807 487 1868; x_wconf 81' lang='lat' dir='ltr'><strong>qrrae</strong></span> <span class='ocrx_word' id='word_1_159' title='bbox 501 1789 582 1869; x_wconf 92' lang='lat' dir='ltr'><strong>prior</strong></span> <span class='ocrx_word' id='word_1_160' title='bbox 597 1789 674 1852; x_wconf 85' lang='lat' dir='ltr'><strong>vieta</strong></span> <span class='ocrx_word' id='word_1_161' title='bbox 688 1796 741 1850; x_wconf 86' lang='lat' dir='ltr'><strong>est.</strong></span> <span class='ocrx_word' id='word_1_162' title='bbox 775 1796 908 1850; x_wconf 88' lang='lat' dir='ltr'><strong>ceterum</strong></span> <span class='ocrx_word' id='word_1_163' title='bbox 923 1787 1015 1861; x_wconf 77' lang='lat' dir='ltr'><strong>scitis,</strong></span> <span class='ocrx_word' id='word_1_164' title='bbox 1029 1787 1102 1868; x_wconf 88' lang='lat' dir='ltr'><strong>quid</strong></span> <span class='ocrx_word' id='word_1_165' title='bbox 1111 1790 1248 1868; x_wconf 86' lang='lat' dir='ltr'><strong>plerum-</strong></span> 
     </span>
     <span class='ocr_line' id='line_1_21' title="bbox 177 1873 1358 1954; baseline 0.001 -20"><span class='ocrx_word' id='word_1_166' title='bbox 177 1892 235 1954; x_wconf 82' lang='lat' dir='ltr'><strong>que</strong></span> <span class='ocrx_word' id='word_1_167' title='bbox 250 1873 342 1935; x_wconf 78' lang='lat' dir='ltr'><strong>soleat</strong></span> <span class='ocrx_word' id='word_1_168' title='bbox 357 1880 474 1936; x_wconf 75' lang='lat' dir='ltr'><strong>tentam</strong></span> <span class='ocrx_word' id='word_1_169' title='bbox 493 1874 653 1936; x_wconf 76' lang='lat' dir='ltr'><strong>humanam</strong></span> <span class='ocrx_word' id='word_1_170' title='bbox 673 1874 849 1936; x_wconf 84' lang='lat' dir='ltr'><strong>satietatem.</strong></span> <span class='ocrx_word' id='word_1_171' title='bbox 883 1874 992 1953; x_wconf 77' lang='lat' dir='ltr'><strong>quibus</strong></span> <span class='ocrx_word' id='word_1_172' title='bbox 1011 1873 1167 1938; x_wconf 76' lang='lat' dir='ltr'><strong>blanditiis</strong></span> <span class='ocrx_word' id='word_1_173' title='bbox 1182 1874 1245 1937; x_wconf 84' lang='lat' dir='ltr'><strong>im-</strong></span> <span class='ocrx_word' id='word_1_174' title='bbox 1263 1882 1297 1935; x_wconf 81' lang='lat'><strong>20</strong></span> <span class='ocrx_word' id='word_1_175' title='bbox 1352 1874 1358 1883; x_wconf 86' lang='lat'><em>&#39;</em></span> 
     </span>
     <span class='ocr_line' id='line_1_22' title="bbox 177 1959 1245 2040; baseline -0.002 -19"><span class='ocrx_word' id='word_1_176' title='bbox 177 1966 346 2039; x_wconf 74' lang='lat' dir='ltr'><strong>peneverat</strong></span> <span class='ocrx_word' id='word_1_177' title='bbox 359 1959 454 2033; x_wconf 83' lang='lat' dir='ltr'><strong>miles,</strong></span> <span class='ocrx_word' id='word_1_178' title='bbox 470 1960 882 2031; x_wconf 57' lang='lat' dir='ltr'><strong>commmentatores,</strong></span> <span class='ocrx_word' id='word_1_179' title='bbox 902 1959 997 2022; x_wconf 87' lang='lat' dir='ltr'><strong>isdem</strong></span> <span class='ocrx_word' id='word_1_180' title='bbox 1013 1959 1105 2022; x_wconf 86' lang='lat' dir='ltr'><strong>etiam</strong></span> <span class='ocrx_word' id='word_1_181' title='bbox 1126 1959 1245 2040; x_wconf 84' lang='lat' dir='ltr'><strong>pudici-</strong></span> 
     </span>
     <span class='ocr_line' id='line_1_23' title="bbox 176 2044 1246 2124; baseline 0.002 -18"><span class='ocrx_word' id='word_1_182' title='bbox 176 2044 326 2108; x_wconf 79' lang='lat' dir='ltr'><strong>tiaaaeius</strong></span> <span class='ocrx_word' id='word_1_183' title='bbox 347 2062 503 2124; x_wconf 64' lang='lat' dir='ltr'><strong>agerem</strong></span> <span class='ocrx_word' id='word_1_184' title='bbox 524 2053 578 2106; x_wconf 85' lang='lat' dir='ltr'><strong>est.</strong></span> <span class='ocrx_word' id='word_1_185' title='bbox 609 2063 665 2106; x_wconf 89' lang='lat' dir='ltr'><strong>nec</strong></span> <span class='ocrx_word' id='word_1_186' title='bbox 684 2045 827 2106; x_wconf 81' lang='lat' dir='ltr'><strong>deformis</strong></span> <span class='ocrx_word' id='word_1_187' title='bbox 851 2053 906 2108; x_wconf 90' lang='lat' dir='ltr'><strong>aut</strong></span> <span class='ocrx_word' id='word_1_188' title='bbox 925 2044 1106 2108; x_wconf 81' lang='lat' dir='ltr'><strong>infacundus</strong></span> <span class='ocrx_word' id='word_1_189' title='bbox 1129 2045 1246 2110; x_wconf 72' lang='lat' dir='ltr'><strong>moenis</strong></span> 
     </span>
     <span class='ocr_line' id='line_1_24' title="bbox 178 2129 1245 2209; baseline 0 -17"><span class='ocrx_word' id='word_1_190' title='bbox 178 2137 273 2192; x_wconf 81' lang='lat' dir='ltr'><strong>castae</strong></span> <span class='ocrx_word' id='word_1_191' title='bbox 289 2130 452 2206; x_wconf 80' lang='lat' dir='ltr'><strong>videbatur,</strong></span> <span class='ocrx_word' id='word_1_192' title='bbox 473 2131 649 2193; x_wconf 83' lang='lat' dir='ltr'><strong>conciliante</strong></span> <span class='ocrx_word' id='word_1_193' title='bbox 663 2130 790 2209; x_wconf 77' lang='lat' dir='ltr'><strong>gratiam</strong></span> <span class='ocrx_word' id='word_1_194' title='bbox 803 2130 912 2192; x_wconf 78' lang='lat' dir='ltr'><strong>ancilla·</strong></span> <span class='ocrx_word' id='word_1_195' title='bbox 923 2149 958 2192; x_wconf 87' lang='lat' dir='ltr'><strong>ac</strong></span> <span class='ocrx_word' id='word_1_196' title='bbox 971 2129 1098 2194; x_wconf 82' lang='lat' dir='ltr'><strong>subinde</strong></span> <span class='ocrx_word' id='word_1_197' title='bbox 1113 2130 1245 2194; x_wconf 82' lang='lat' dir='ltr'><strong>dicento:</strong></span> 
     </span>
    </p>

    <p class='ocr_par' dir='ltr' id='par_1_6' title="bbox 532 2212 1101 2296">
     <span class='ocr_line' id='line_1_25' title="bbox 532 2212 1101 2296; baseline -0.005 -18"><span class='ocrx_word' id='word_1_198' title='bbox 532 2217 701 2296; x_wconf 87' lang='lat' dir='ltr'><strong>“placitone</strong></span> <span class='ocrx_word' id='word_1_199' title='bbox 716 2217 806 2278; x_wconf 82' lang='lat' dir='ltr'><strong>etiam</strong></span> <span class='ocrx_word' id='word_1_200' title='bbox 822 2216 968 2296; x_wconf 79' lang='lat' dir='ltr'><strong>pugnabis</strong></span> <span class='ocrx_word' id='word_1_201' title='bbox 983 2212 1101 2280; x_wconf 81' lang='lat' dir='ltr'><strong>amori?</strong></span> 
     </span>
    </p>

    <p class='ocr_par' dir='ltr' id='par_1_7' title="bbox 177 2298 1297 3496">
     <span class='ocr_line' id='line_1_26' title="bbox 277 2298 1296 2382; baseline 0.002 -20"><span class='ocrx_word' id='word_1_202' title='bbox 277 2319 334 2362; x_wconf 87' lang='lat' dir='ltr'><strong>neo</strong></span> <span class='ocrx_word' id='word_1_203' title='bbox 347 2302 475 2363; x_wconf 77' lang='lat' dir='ltr'><strong>venitin</strong></span> <span class='ocrx_word' id='word_1_204' title='bbox 491 2310 634 2376; x_wconf 66' lang='lat' dir='ltr'><strong>mmm,</strong></span> <span class='ocrx_word' id='word_1_205' title='bbox 651 2321 780 2382; x_wconf 85' lang='lat' dir='ltr'><strong>quorum</strong></span> <span class='ocrx_word' id='word_1_206' title='bbox 795 2300 966 2364; x_wconf 86' lang='lat' dir='ltr'><strong>consederis</strong></span> <span class='ocrx_word' id='word_1_207' title='bbox 980 2303 1057 2364; x_wconf 81' lang='lat' dir='ltr'><strong>arvis</strong></span> <span class='ocrx_word' id='word_1_208' title='bbox 1066 2298 1101 2362; x_wconf 77' lang='lat' dir='ltr'><strong>‘l”</strong></span> <span class='ocrx_word' id='word_1_209' title='bbox 1262 2313 1296 2364; x_wconf 81' lang='lat'><strong>2⁵</strong></span> 
     </span>
     <span class='ocr_line' id='line_1_27' title="bbox 178 2385 1246 2467; baseline 0.002 -17"><span class='ocrx_word' id='word_1_210' title='bbox 178 2386 248 2467; x_wconf 86' lang='lat' dir='ltr'><strong>quid</strong></span> <span class='ocrx_word' id='word_1_211' title='bbox 264 2386 374 2448; x_wconf 85' lang='lat' dir='ltr'><strong>diutius</strong></span> <span class='ocrx_word' id='word_1_212' title='bbox 396 2385 519 2450; x_wconf 81' lang='lat' dir='ltr'><strong>mororl</strong></span> <span class='ocrx_word' id='word_1_213' title='bbox 546 2407 584 2449; x_wconf 90' lang='lat' dir='ltr'><strong>ne</strong></span> <span class='ocrx_word' id='word_1_214' title='bbox 603 2387 680 2450; x_wconf 88' lang='lat' dir='ltr'><strong>hane</strong></span> <span class='ocrx_word' id='word_1_215' title='bbox 701 2387 821 2467; x_wconf 86' lang='lat' dir='ltr'><strong>qnidam</strong></span> <span class='ocrx_word' id='word_1_216' title='bbox 845 2394 960 2467; x_wconf 85' lang='lat' dir='ltr'><strong>partem</strong></span> <span class='ocrx_word' id='word_1_217' title='bbox 981 2387 1115 2467; x_wconf 79' lang='lat' dir='ltr'><strong>corporis</strong></span> <span class='ocrx_word' id='word_1_218' title='bbox 1136 2385 1246 2452; x_wconf 69' lang='lat' dir='ltr'><strong>mulne</strong></span> 
     </span>
     <span class='ocr_line' id='line_1_28' title="bbox 177 2471 1247 2554; baseline -0.002 -19"><span class='ocrx_word' id='word_1_219' title='bbox 177 2471 329 2545; x_wconf 75' lang='lat' dir='ltr'><strong>abstinuit,</strong></span> <span class='ocrx_word' id='word_1_220' title='bbox 345 2472 498 2554; x_wconf 79' lang='lat' dir='ltr'><strong>victorque</strong></span> <span class='ocrx_word' id='word_1_221' title='bbox 519 2474 603 2537; x_wconf 74' lang='lat' dir='ltr'><strong>miles</strong></span> <span class='ocrx_word' id='word_1_222' title='bbox 619 2481 785 2554; x_wconf 83' lang='lat' dir='ltr'><strong>utrumque</strong></span> <span class='ocrx_word' id='word_1_223' title='bbox 803 2472 962 2554; x_wconf 83' lang='lat' dir='ltr'><strong>persuasit.</strong></span> <span class='ocrx_word' id='word_1_224' title='bbox 996 2473 1154 2536; x_wconf 79' lang='lat' dir='ltr'><strong>iacuerunt</strong></span> <span class='ocrx_word' id='word_1_225' title='bbox 1175 2491 1247 2552; x_wconf 76' lang='lat' dir='ltr'><strong>ergo</strong></span> 
     </span>
     <span class='ocr_line' id='line_1_29' title="bbox 177 2559 1246 2640; baseline 0 -20"><span class='ocrx_word' id='word_1_226' title='bbox 177 2576 239 2620; x_wconf 89' lang='lat' dir='ltr'><strong>una</strong></span> <span class='ocrx_word' id='word_1_227' title='bbox 252 2576 315 2620; x_wconf 88' lang='lat' dir='ltr'><strong>non</strong></span> <span class='ocrx_word' id='word_1_228' title='bbox 330 2565 447 2621; x_wconf 87' lang='lat' dir='ltr'><strong>tantum</strong></span> <span class='ocrx_word' id='word_1_229' title='bbox 469 2559 520 2620; x_wconf 82' lang='lat' dir='ltr'><strong>illa</strong></span> <span class='ocrx_word' id='word_1_230' title='bbox 536 2568 635 2634; x_wconf 87' lang='lat' dir='ltr'><strong>noete,</strong></span> <span class='ocrx_word' id='word_1_231' title='bbox 659 2579 717 2640; x_wconf 83' lang='lat' dir='ltr'><strong>qua</strong></span> <span class='ocrx_word' id='word_1_232' title='bbox 739 2560 860 2638; x_wconf 83' lang='lat' dir='ltr'><strong>nuptias</strong></span> <span class='ocrx_word' id='word_1_233' title='bbox 878 2559 1026 2630; x_wconf 79' lang='lat' dir='ltr'><strong>lecerunt,</strong></span> <span class='ocrx_word' id='word_1_234' title='bbox 1051 2560 1103 2622; x_wconf 86' lang='lat' dir='ltr'><strong>sed</strong></span> <span class='ocrx_word' id='word_1_235' title='bbox 1123 2565 1246 2638; x_wconf 84' lang='lat' dir='ltr'><strong>postero</strong></span> 
     </span>
     <span class='ocr_line' id='line_1_30' title="bbox 179 2643 1248 2724; baseline -0.001 -18"><span class='ocrx_word' id='word_1_236' title='bbox 179 2644 267 2706; x_wconf 82' lang='lat' dir='ltr'><strong>etiam</strong></span> <span class='ocrx_word' id='word_1_237' title='bbox 289 2663 325 2705; x_wconf 88' lang='lat' dir='ltr'><strong>ae</strong></span> <span class='ocrx_word' id='word_1_238' title='bbox 343 2645 431 2706; x_wconf 86' lang='lat' dir='ltr'><strong>tertio</strong></span> <span class='ocrx_word' id='word_1_239' title='bbox 453 2645 516 2718; x_wconf 86' lang='lat' dir='ltr'><strong>die,</strong></span> <span class='ocrx_word' id='word_1_240' title='bbox 542 2645 708 2724; x_wconf 76' lang='lat' dir='ltr'><strong>praeclusis</strong></span> <span class='ocrx_word' id='word_1_241' title='bbox 722 2645 855 2708; x_wconf 78' lang='lat' dir='ltr'><strong>videlieet</strong></span> <span class='ocrx_word' id='word_1_242' title='bbox 879 2643 1039 2708; x_wconf 87' lang='lat' dir='ltr'><strong>conditorii</strong></span> <span class='ocrx_word' id='word_1_243' title='bbox 1060 2643 1185 2715; x_wconf 80' lang='lat' dir='ltr'><strong>loribus,</strong></span> <span class='ocrx_word' id='word_1_244' title='bbox 1211 2650 1248 2705; x_wconf 86' lang='lat' dir='ltr'><strong>ut</strong></span> 
     </span>
     <span class='ocr_line' id='line_1_31' title="bbox 179 2723 1297 2810; baseline 0.004 -19"><span class='ocrx_word' id='word_1_245' title='bbox 179 2729 315 2810; x_wconf 85' lang='lat' dir='ltr'><strong>quisquis</strong></span> <span class='ocrx_word' id='word_1_246' title='bbox 332 2747 368 2790; x_wconf 83' lang='lat' dir='ltr'><strong>ex</strong></span> <span class='ocrx_word' id='word_1_247' title='bbox 383 2723 463 2790; x_wconf 88' lang='lat' dir='ltr'><strong>no&#39;tis</strong></span> <span class='ocrx_word' id='word_1_248' title='bbox 478 2729 649 2809; x_wconf 64' lang='lat' dir='ltr'><strong>ignotisme</strong></span> <span class='ocrx_word' id='word_1_249' title='bbox 663 2730 700 2792; x_wconf 82' lang='lat' dir='ltr'><strong>ad</strong></span> <span class='ocrx_word' id='word_1_250' title='bbox 715 2737 946 2792; x_wconf 88' lang='lat' dir='ltr'><strong>monumentum</strong></span> <span class='ocrx_word' id='word_1_251' title='bbox 963 2730 1104 2802; x_wconf 72' lang='lat' dir='ltr'><strong>venisset„</strong></span> <span class='ocrx_word' id='word_1_252' title='bbox 1126 2737 1246 2810; x_wconf 70' lang='lat' dir='ltr'><strong>pooiet</strong></span> <span class='ocrx_word' id='word_1_253' title='bbox 1263 2736 1297 2787; x_wconf 84' lang='lat'><strong>30</strong></span> 
     </span>
     <span class='ocr_line' id='line_1_32' title="bbox 179 2814 1246 2894; baseline -0.001 -18"><span class='ocrx_word' id='word_1_254' title='bbox 179 2814 326 2894; x_wconf 70' lang='lat' dir='ltr'><strong>aspirasse</strong></span> <span class='ocrx_word' id='word_1_255' title='bbox 340 2833 431 2893; x_wconf 91' lang='lat' dir='ltr'><strong>super</strong></span> <span class='ocrx_word' id='word_1_256' title='bbox 446 2831 554 2894; x_wconf 89' lang='lat' dir='ltr'><strong>corpus</strong></span> <span class='ocrx_word' id='word_1_257' title='bbox 569 2815 624 2876; x_wconf 82' lang='lat' dir='ltr'><strong>viri</strong></span> <span class='ocrx_word' id='word_1_258' title='bbox 640 2815 862 2894; x_wconf 88' lang='lat' dir='ltr'><strong>pudicissimam</strong></span> <span class='ocrx_word' id='word_1_259' title='bbox 878 2833 1015 2880; x_wconf 74' lang='lat' dir='ltr'><strong>uxorem.</strong></span> <span class='ocrx_word' id='word_1_260' title='bbox 1047 2823 1182 2880; x_wconf 65' lang='lat' dir='ltr'><strong>calaum</strong></span> <span class='ocrx_word' id='word_1_261' title='bbox 1192 2815 1246 2876; x_wconf 67' lang='lat' dir='ltr'><strong>de</strong></span> 
     </span>
     <span class='ocr_line' id='line_1_33' title="bbox 177 2898 1246 2981; baseline 0 -21"><span class='ocrx_word' id='word_1_262' title='bbox 177 2900 304 2962; x_wconf 70' lang='lat' dir='ltr'><strong>luctatus</strong></span> <span class='ocrx_word' id='word_1_263' title='bbox 319 2898 404 2961; x_wconf 87' lang='lat' dir='ltr'><strong>miles</strong></span> <span class='ocrx_word' id='word_1_264' title='bbox 430 2906 460 2960; x_wconf 85' lang='lat' dir='ltr'><strong>et</strong></span> <span class='ocrx_word' id='word_1_265' title='bbox 473 2903 568 2961; x_wconf 83' lang='lat' dir='ltr'><strong>souma</strong></span> <span class='ocrx_word' id='word_1_266' title='bbox 590 2901 722 2962; x_wconf 82' lang='lat' dir='ltr'><strong>mulieris</strong></span> <span class='ocrx_word' id='word_1_267' title='bbox 743 2908 775 2962; x_wconf 90' lang='lat' dir='ltr'><strong>et</strong></span> <span class='ocrx_word' id='word_1_268' title='bbox 797 2907 923 2973; x_wconf 78' lang='lat' dir='ltr'><strong>secreto,</strong></span> <span class='ocrx_word' id='word_1_269' title='bbox 949 2901 1091 2981; x_wconf 75' lang='lat' dir='ltr'><strong>qmcrpuid</strong></span> <span class='ocrx_word' id='word_1_270' title='bbox 1105 2900 1176 2964; x_wconf 86' lang='lat' dir='ltr'><strong>boui</strong></span> <span class='ocrx_word' id='word_1_271' title='bbox 1192 2918 1246 2980; x_wconf 82' lang='lat' dir='ltr'><strong>per</strong></span> 
     </span>
     <span class='ocr_line' id='line_1_34' title="bbox 179 2983 1246 3066; baseline 0.002 -20"><span class='ocrx_word' id='word_1_272' title='bbox 179 2983 333 3046; x_wconf 80' lang='lat' dir='ltr'><strong>facultates</strong></span> <span class='ocrx_word' id='word_1_273' title='bbox 348 2993 473 3063; x_wconf 87' lang='lat' dir='ltr'><strong>poterat,</strong></span> <span class='ocrx_word' id='word_1_274' title='bbox 489 2985 641 3048; x_wconf 77' lang='lat' dir='ltr'><strong>coemebat</strong></span> <span class='ocrx_word' id='word_1_275' title='bbox 657 2994 686 3048; x_wconf 86' lang='lat' dir='ltr'><strong>et</strong></span> <span class='ocrx_word' id='word_1_276' title='bbox 700 2986 795 3066; x_wconf 89' lang='lat' dir='ltr'><strong>prima</strong></span> <span class='ocrx_word' id='word_1_277' title='bbox 809 2986 910 3048; x_wconf 86' lang='lat' dir='ltr'><strong>statim</strong></span> <span class='ocrx_word' id='word_1_278' title='bbox 922 2995 1009 3049; x_wconf 89' lang='lat' dir='ltr'><strong>nocte</strong></span> <span class='ocrx_word' id='word_1_279' title='bbox 1019 2986 1052 3048; x_wconf 90' lang='lat' dir='ltr'><strong>in</strong></span> <span class='ocrx_word' id='word_1_280' title='bbox 1064 3003 1246 3050; x_wconf 85' lang='lat' dir='ltr'><strong>monumen-</strong></span> 
     </span>
     <span class='ocr_line' id='line_1_35' title="bbox 179 3068 1245 3152; baseline 0.002 -20"><span class='ocrx_word' id='word_1_281' title='bbox 179 3077 244 3132; x_wconf 87' lang='lat' dir='ltr'><strong>tum</strong></span> <span class='ocrx_word' id='word_1_282' title='bbox 261 3068 384 3131; x_wconf 84' lang='lat' dir='ltr'><strong>terebat.</strong></span> <span class='ocrx_word' id='word_1_283' title='bbox 421 3069 521 3150; x_wconf 88' lang='lat' dir='ltr'><strong>itaque</strong></span> <span class='ocrx_word' id='word_1_284' title='bbox 536 3073 624 3133; x_wconf 82' lang='lat' dir='ltr'><strong>unius</strong></span> <span class='ocrx_word' id='word_1_285' title='bbox 641 3070 776 3134; x_wconf 89' lang='lat' dir='ltr'><strong>cruciarii</strong></span> <span class='ocrx_word' id='word_1_286' title='bbox 795 3080 933 3152; x_wconf 87' lang='lat' dir='ltr'><strong>parentes</strong></span> <span class='ocrx_word' id='word_1_287' title='bbox 953 3080 988 3135; x_wconf 88' lang='lat' dir='ltr'><strong>ut</strong></span> <span class='ocrx_word' id='word_1_288' title='bbox 1008 3071 1145 3136; x_wconf 86' lang='lat' dir='ltr'><strong>viderunt</strong></span> <span class='ocrx_word' id='word_1_289' title='bbox 1165 3073 1245 3136; x_wconf 71' lang='lat' dir='ltr'><strong>une</strong></span> 
     </span>
     <span class='ocr_line' id='line_1_36' title="bbox 180 3153 1296 3240; baseline -0.001 -21"><span class='ocrx_word' id='word_1_290' title='bbox 180 3164 240 3219; x_wconf 84' lang='lat' dir='ltr'><strong>tam</strong></span> <span class='ocrx_word' id='word_1_291' title='bbox 256 3153 431 3227; x_wconf 81' lang='lat' dir='ltr'><strong>custodium,</strong></span> <span class='ocrx_word' id='word_1_292' title='bbox 451 3157 609 3220; x_wconf 75' lang='lat' dir='ltr'><strong>detraxere</strong></span> <span class='ocrx_word' id='word_1_293' title='bbox 626 3165 714 3218; x_wconf 87' lang='lat' dir='ltr'><strong>noete</strong></span> <span class='ocrx_word' id='word_1_294' title='bbox 734 3159 918 3236; x_wconf 81' lang='lat' dir='ltr'><strong>pendentem</strong></span> <span class='ocrx_word' id='word_1_295' title='bbox 935 3176 1138 3240; x_wconf 83' lang='lat' dir='ltr'><strong>supremoque</strong></span> <span class='ocrx_word' id='word_1_296' title='bbox 1158 3176 1244 3222; x_wconf 81' lang='lat' dir='ltr'><strong>mao-</strong></span> <span class='ocrx_word' id='word_1_297' title='bbox 1263 3166 1296 3218; x_wconf 81' lang='lat'><strong>35</strong></span> 
     </span>
     <span class='ocr_line' id='line_1_37' title="bbox 181 3241 1244 3322; baseline 0.001 -18"><span class='ocrx_word' id='word_1_298' title='bbox 181 3242 328 3304; x_wconf 86' lang='lat' dir='ltr'><strong>daverunt</strong></span> <span class='ocrx_word' id='word_1_299' title='bbox 343 3241 451 3303; x_wconf 84' lang='lat' dir='ltr'><strong>officio.</strong></span> <span class='ocrx_word' id='word_1_300' title='bbox 485 3251 516 3304; x_wconf 87' lang='lat' dir='ltr'><strong>at</strong></span> <span class='ocrx_word' id='word_1_301' title='bbox 530 3242 616 3304; x_wconf 85' lang='lat' dir='ltr'><strong>miles</strong></span> <span class='ocrx_word' id='word_1_302' title='bbox 633 3241 875 3322; x_wconf 65' lang='lat' dir='ltr'><strong>circonscriptus</strong></span> <span class='ocrx_word' id='word_1_303' title='bbox 896 3245 967 3306; x_wconf 85' lang='lat' dir='ltr'><strong>dum</strong></span> <span class='ocrx_word' id='word_1_304' title='bbox 989 3243 1113 3316; x_wconf 86' lang='lat' dir='ltr'><strong>desidet,</strong></span> <span class='ocrx_word' id='word_1_305' title='bbox 1135 3251 1170 3307; x_wconf 85' lang='lat' dir='ltr'><strong>ut</strong></span> <span class='ocrx_word' id='word_1_306' title='bbox 1189 3263 1244 3322; x_wconf 92' lang='lat' dir='ltr'><strong>po·</strong></span> 
     </span>
     <span class='ocr_line' id='line_1_38' title="bbox 179 3325 1246 3408; baseline 0.006 -20"><span class='ocrx_word' id='word_1_307' title='bbox 179 3334 260 3389; x_wconf 86' lang='lat' dir='ltr'><strong>storo</strong></span> <span class='ocrx_word' id='word_1_308' title='bbox 276 3326 324 3388; x_wconf 89' lang='lat' dir='ltr'><strong>die</strong></span> <span class='ocrx_word' id='word_1_309' title='bbox 339 3325 412 3390; x_wconf 84' lang='lat' dir='ltr'><strong>vidit</strong></span> <span class='ocrx_word' id='word_1_310' title='bbox 428 3345 521 3390; x_wconf 84' lang='lat' dir='ltr'><strong>unam</strong></span> <span class='ocrx_word' id='word_1_311' title='bbox 536 3327 604 3390; x_wconf 89' lang='lat' dir='ltr'><strong>sina</strong></span> <span class='ocrx_word' id='word_1_312' title='bbox 623 3328 763 3390; x_wconf 79' lang='lat' dir='ltr'><strong>cadauere</strong></span> <span class='ocrx_word' id='word_1_313' title='bbox 778 3345 908 3402; x_wconf 86' lang='lat' dir='ltr'><strong>crucem,</strong></span> <span class='ocrx_word' id='word_1_314' title='bbox 928 3329 1040 3392; x_wconf 71' lang='lat' dir='ltr'><strong>veribus</strong></span> <span class='ocrx_word' id='word_1_315' title='bbox 1055 3328 1246 3408; x_wconf 74' lang='lat' dir='ltr'><strong>supplicium,</strong></span> 
     </span>
     <span class='ocr_line' id='line_1_39' title="bbox 179 3411 1246 3496; baseline 0 -20"><span class='ocrx_word' id='word_1_316' title='bbox 179 3411 295 3476; x_wconf 81' lang='lat' dir='ltr'><strong>muberi</strong></span> <span class='ocrx_word' id='word_1_317' title='bbox 317 3411 387 3492; x_wconf 82' lang='lat' dir='ltr'><strong>quid</strong></span> <span class='ocrx_word' id='word_1_318' title='bbox 411 3413 568 3476; x_wconf 85' lang='lat' dir='ltr'><strong>accidisset</strong></span> <span class='ocrx_word' id='word_1_319' title='bbox 589 3414 726 3494; x_wconf 80' lang='lat' dir='ltr'><strong>exponit:</strong></span> <span class='ocrx_word' id='word_1_320' title='bbox 755 3432 811 3476; x_wconf 85' lang='lat' dir='ltr'><strong>nec</strong></span> <span class='ocrx_word' id='word_1_321' title='bbox 836 3433 870 3475; x_wconf 88' lang='lat' dir='ltr'><strong>se</strong></span> <span class='ocrx_word' id='word_1_322' title='bbox 890 3422 1117 3496; x_wconf 81' lang='lat' dir='ltr'><strong>expectaturum</strong></span> <span class='ocrx_word' id='word_1_323' title='bbox 1139 3414 1246 3478; x_wconf 83' lang='lat' dir='ltr'><strong>iudicis</strong></span> 
     </span>
    </p>
   </div>
   <div class='ocr_carea' id='block_1_3' title="bbox 179 3601 1245 3965">
    <p class='ocr_par' dir='ltr' id='par_1_8' title="bbox 179 3601 1245 3965">
     <span class='ocr_line' id='line_1_40' title="bbox 251 3601 1245 3672; baseline 0 -16"><span class='ocrx_word' id='word_1_324' title='bbox 251 3606 262 3656; x_wconf 92' lang='lat'>1</span> <span class='ocrx_word' id='word_1_325' title='bbox 276 3607 314 3670; x_wconf 85' lang='lat' dir='ltr'><strong>ue]</strong></span> <span class='ocrx_word' id='word_1_326' title='bbox 327 3611 372 3657; x_wconf 84' lang='lat' dir='ltr'><strong>out</strong></span> <span class='ocrx_word' id='word_1_327' title='bbox 385 3603 463 3656; x_wconf 77' lang='lat' dir='ltr'><strong>oodeor</strong></span> <span class='ocrx_word' id='word_1_328' title='bbox 477 3601 693 3672; x_wconf 67' lang='lat' dir='ltr'><strong>Guelsmbplooua</strong></span> <span class='ocrx_word' id='word_1_329' title='bbox 705 3601 714 3672; x_wconf 73' lang='lat' dir='ltr'>ss</span> <span class='ocrx_word' id='word_1_330' title='bbox 728 3605 742 3655; x_wconf 82' lang='lat'>2</span> <span class='ocrx_word' id='word_1_331' title='bbox 756 3604 859 3655; x_wconf 85' lang='lat' dir='ltr'><strong>eundem</strong></span> <span class='ocrx_word' id='word_1_332' title='bbox 873 3603 1035 3670; x_wconf 73' lang='lat' dir='ltr'><strong>secumdum,</strong></span> <span class='ocrx_word' id='word_1_333' title='bbox 1055 3604 1121 3656; x_wconf 86' lang='lat' dir='ltr'><strong>idern</strong></span> <span class='ocrx_word' id='word_1_334' title='bbox 1138 3608 1176 3655; x_wconf 79' lang='lat' dir='ltr'><strong>sie</strong></span> <span class='ocrx_word' id='word_1_335' title='bbox 1186 3605 1245 3670; x_wconf 77' lang='lat' dir='ltr'><strong>fero</strong></span> 
     </span>
     <span class='ocr_line' id='line_1_41' title="bbox 179 3671 1245 3742; baseline -0.004 -14"><span class='ocrx_word' id='word_1_336' title='bbox 179 3675 317 3728; x_wconf 74' lang='lat' dir='ltr'><strong>beroensis</strong></span> <span class='ocrx_word' id='word_1_337' title='bbox 330 3672 339 3742; x_wconf 78' lang='lat' dir='ltr'><strong>b</strong></span> <span class='ocrx_word' id='word_1_338' title='bbox 353 3675 368 3724; x_wconf 87' lang='lat'><strong>5</strong></span> <span class='ocrx_word' id='word_1_339' title='bbox 381 3688 457 3740; x_wconf 90' lang='lat' dir='ltr'><strong>super</strong></span> <span class='ocrx_word' id='word_1_340' title='bbox 469 3677 557 3738; x_wconf 91' lang='lat' dir='ltr'><strong>pectus</strong></span> <span class='ocrx_word' id='word_1_341' title='bbox 570 3671 579 3740; x_wconf 82' lang='grc' dir='ltr'><strong>ΙΙ</strong></span> <span class='ocrx_word' id='word_1_342' title='bbox 592 3675 607 3722; x_wconf 83' lang='lat'><strong>7</strong></span> <span class='ocrx_word' id='word_1_343' title='bbox 621 3679 692 3724; x_wconf 86' lang='lat' dir='ltr'><strong>certe</strong></span> <span class='ocrx_word' id='word_1_344' title='bbox 705 3673 736 3723; x_wconf 89' lang='lat' dir='ltr'><strong>ab</strong></span> <span class='ocrx_word' id='word_1_345' title='bbox 750 3688 779 3723; x_wconf 91' lang='lat' dir='ltr'><strong>eo</strong></span> <span class='ocrx_word' id='word_1_346' title='bbox 792 3675 839 3722; x_wconf 86' lang='lat' dir='ltr'><strong>act</strong></span> <span class='ocrx_word' id='word_1_347' title='bbox 851 3671 923 3723; x_wconf 84' lang='lat' dir='ltr'><strong>eertri</strong></span> <span class='ocrx_word' id='word_1_348' title='bbox 934 3672 996 3723; x_wconf 86' lang='lat' dir='ltr'><strong>abeo</strong></span> <span class='ocrx_word' id='word_1_349' title='bbox 1013 3672 1083 3741; x_wconf 78' lang='lat' dir='ltr'><strong>quod</strong></span> <span class='ocrx_word' id='word_1_350' title='bbox 1097 3676 1124 3722; x_wconf 82' lang='lat' dir='ltr'><strong>in</strong></span> <span class='ocrx_word' id='word_1_351' title='bbox 1143 3671 1162 3725; x_wconf 89' lang='lat'><strong><em>0</em></strong></span> <span class='ocrx_word' id='word_1_352' title='bbox 1177 3673 1245 3740; x_wconf 73' lang='lat' dir='ltr'><strong>lego—</strong></span> 
     </span>
     <span class='ocr_line' id='line_1_42' title="bbox 179 3738 1245 3808; baseline -0.003 -14"><span class='ocrx_word' id='word_1_353' title='bbox 179 3745 253 3796; x_wconf 84' lang='lat' dir='ltr'><strong>batur</strong></span> <span class='ocrx_word' id='word_1_354' title='bbox 266 3743 353 3794; x_wconf 82' lang='lat' dir='ltr'><strong>omisit</strong></span> <span class='ocrx_word' id='word_1_355' title='bbox 362 3741 393 3792; x_wconf 88' lang='lat' dir='ltr'><strong>L:</strong></span> <span class='ocrx_word' id='word_1_356' title='bbox 412 3746 530 3792; x_wconf 86' lang='lat' dir='ltr'><strong>nectareo</strong></span> <span class='ocrx_word' id='word_1_357' title='bbox 543 3739 565 3792; x_wconf 90' lang='lat'><strong>1.</strong></span> <span class='ocrx_word' id='word_1_358' title='bbox 577 3739 610 3794; x_wconf 75' lang='lat' dir='ltr'><strong>F.</strong></span> <span class='ocrx_word' id='word_1_359' title='bbox 623 3738 764 3797; x_wconf 73' lang='lat' dir='ltr'><strong>Gbonooius</strong></span> <span class='ocrx_word' id='word_1_360' title='bbox 801 3741 831 3790; x_wconf 78' lang='lat'><strong>13</strong></span> <span class='ocrx_word' id='word_1_361' title='bbox 842 3755 933 3795; x_wconf 83' lang='lat' dir='ltr'><strong>curare</strong></span> <span class='ocrx_word' id='word_1_362' title='bbox 947 3742 1086 3796; x_wconf 82' lang='lat' dir='ltr'><strong>secondum</strong></span> <span class='ocrx_word' id='word_1_363' title='bbox 1096 3739 1245 3808; x_wconf 74' lang='lat' dir='ltr'><strong>Vergilium</strong></span> 
     </span>
     <span class='ocr_line' id='line_1_43' title="bbox 180 3807 1233 3882; baseline -0.005 -17"><span class='ocrx_word' id='word_1_364' title='bbox 180 3813 240 3865; x_wconf 83' lang='lat' dir='ltr'><strong>libri</strong></span> <span class='ocrx_word' id='word_1_365' title='bbox 249 3811 328 3882; x_wconf 82' lang='lat' dir='ltr'><strong>pauci</strong></span> <span class='ocrx_word' id='word_1_366' title='bbox 350 3809 359 3878; x_wconf 72' lang='lat' dir='ltr'><strong>ll</strong></span> <span class='ocrx_word' id='word_1_367' title='bbox 375 3809 405 3860; x_wconf 82' lang='lat'><strong>15</strong></span> <span class='ocrx_word' id='word_1_368' title='bbox 423 3807 506 3873; x_wconf 84' lang='lat' dir='ltr'><strong>debet]</strong></span> <span class='ocrx_word' id='word_1_369' title='bbox 523 3817 610 3877; x_wconf 87' lang='lat' dir='ltr'><strong>potest</strong></span> <span class='ocrx_word' id='word_1_370' title='bbox 626 3807 673 3877; x_wconf 71' lang='lat' dir='ltr'><strong>bil</strong></span> <span class='ocrx_word' id='word_1_371' title='bbox 683 3810 714 3866; x_wconf 76' lang='lat' dir='ltr'><strong>ts</strong></span> <span class='ocrx_word' id='word_1_372' title='bbox 732 3825 783 3860; x_wconf 82' lang='lat' dir='ltr'><strong>ome</strong></span> <span class='ocrx_word' id='word_1_373' title='bbox 811 3811 828 3858; x_wconf 85' lang='lat' dir='ltr'><strong>&#39;t</strong></span> <span class='ocrx_word' id='word_1_374' title='bbox 843 3809 1001 3878; x_wconf 64' lang='lat' dir='ltr'><strong>florilegium</strong></span> <span class='ocrx_word' id='word_1_375' title='bbox 1014 3809 1024 3877; x_wconf 85' lang='grc' dir='ltr'><strong>ΙΙ</strong></span> <span class='ocrx_word' id='word_1_376' title='bbox 1042 3810 1075 3859; x_wconf 81' lang='grc'><strong>30</strong></span> <span class='ocrx_word' id='word_1_377' title='bbox 1095 3807 1233 3881; x_wconf 68' lang='lat' dir='ltr'><strong>putassetfl</strong></span> 
     </span>
     <span class='ocr_line' id='line_1_44' title="bbox 182 3875 895 3965; baseline -0.01 -30"><span class='ocrx_word' id='word_1_378' title='bbox 182 3883 214 3936; x_wconf 80' lang='lat'><strong>³4</strong></span> <span class='ocrx_word' id='word_1_379' title='bbox 227 3879 332 3934; x_wconf 82' lang='lat' dir='ltr'><strong>cruciati</strong></span> <span class='ocrx_word' id='word_1_380' title='bbox 345 3877 471 3932; x_wconf 82' lang='lat' dir='ltr'><strong>lebannes</strong></span> <span class='ocrx_word' id='word_1_381' title='bbox 483 3875 705 3946; x_wconf 71' lang='lat' dir='ltr'><strong>Saresbertenrirll</strong></span> <span class='ocrx_word' id='word_1_382' title='bbox 719 3877 751 3965; x_wconf 50' lang='lat'><strong>36¹</strong></span> <span class='ocrx_word' id='word_1_383' title='bbox 764 3876 862 3928; x_wconf 84' lang='lat' dir='ltr'><strong>residet</strong></span> <span class='ocrx_word' id='word_1_384' title='bbox 875 3877 895 3928; x_wconf 87' lang='lat'><em>0</em></span> 
     </span>
    </p>
   </div>
   <div class='ocr_carea' id='block_1_4' title="bbox 0 0 1438 4340">
    <p class='ocr_par' dir='ltr' id='par_1_9' title="bbox 0 0 1438 4340">
     <span class='ocr_line' id='line_1_45' title="bbox 0 0 1438 4340; baseline 0 0"><span class='ocrx_word' id='word_1_385' title='bbox 0 0 1438 4340; x_wconf 95' lang='lat' dir='ltr'><strong> </strong></span> 
     </span>
    </p>
   </div>
  </div>
 </body>
</html>
