2860 4340
575 127 716 181 rntAPnll

220 284 281 345 nilo
297 283 429 344 deterius
446 282 641 344 mutuniatus.

136 439 137 442 Ἴ
222 387 314 449 quare
330 369 382 448 qni
397 367 501 448 sapiet,
518 369 629 430 malum
645 368 767 442 cavebit,
859 403 861 408 ,

222 473 289 516 cum
307 461 424 517 tantum
441 453 514 514 sciet
528 472 595 514 esse
611 455 821 516 mentularum.

222 745 387 806 Contentus
403 743 519 804 modico
534 743 668 806 Haeehos
683 743 758 805 solet
770 761 837 804 esse
846 761 974 819 racemo,

266 849 333 891 cum
349 829 466 908 capiant
480 830 532 890 alti
547 829 595 890 vix
610 829 667 890 sita
683 837 780 890 musta
796 827 888 903 lacus,
1013 825 1023 844 “

222 933 388 994 magnaque
403 914 539 975 fecundis
555 933 624 975 eum
640 914 788 975 messibus
804 932 871 975 area
888 915 974 988 desit,

264 1000 296 1061 in
313 999 426 1062 Cereris
442 999 538 1060 crines
554 1017 613 1060 una
629 1017 739 1062 corona
754 999 849 1062 datur.
954 1067 962 1082 ι

222 1092 256 1146 tu
271 1103 399 1166 quoqne,
415 1085 480 1146 dive
494 1085 602 1160 minor,
624 1084 771 1146 maiorum
790 1086 923 1166 exempla
944 1093 1074 1161 secutus,
1116 1107 1131 1156 5

264 1171 398 1250 quamvis
413 1188 506 1250 pauca
522 1171 638 1246 damus,
654 1171 776 1235 consule
791 1189 880 1252 poma
896 1171 977 1234 boni.

610 1397 687 1460 Lllll

223 1501 270 1564 cn
286 1501 311 1562 si
323 1500 435 1564 scribas
451 1508 667 1583 temonemque
682 1501 807 1581 insuper
823 1501 922 1572 addas,

266 1587 317 1670 qui
331 1588 464 1651 medium
479 1596 510 1650 te
525 1588 587 1650 vult
603 1587 747 1661 scindere,
763 1587 861 1667 pictus
877 1585 942 1648 erit.

624 1773 673 1837 LV

222 1877 349 1939 Credere
364 1877 430 1956 quis
446 1873 571 1956 posset?
585 1877 691 1940 falcem
707 1867 826 1959 quoqne
836 1912 879 1923 —-
890 1886 979 1958 turpe
992 1877 1078 1941 lateri
1093 1915 1134 1924 -

265 1965 301 2025 de
316 1963 413 2044 digitis
428 1964 511 2025 fures
527 1962 699 2044 surripuere
716 1963 800 2025 meis.

222 2067 278 2110 neo
293 2056 393 2114 movet
408 2049 511 2110 amissi
527 2057 651 2110 metam
666 2049 777 2110 iactura
792 2051 959 2130 pudorque,

265 2153 354 2214 quam
370 2132 516 2214 praebent
531 2134 625 2196 iustos
641 2136 732 2196 altera
748 2137 806 2198 tela
822 2143 936 2199 metus:

222 2238 298 2300 quae
313 2219 338 2280 si
352 2220 522 2298 perdidero,
537 2220 630 2298 patria
647 2219 803 2293 multab0r‚
821 2229 849 2283 et
865 2222 935 2283 olim
1132 2233 1147 2282 5

257 2305 305 2366 ille
320 2313 390 2367 tuus
405 2305 486 2380 civis,
502 2305 672 2386 Lampsaco,
690 2305 789 2368 Gallus
806 2325 869 2368 ero.

617 2532 681 2594 LVI

220 2634 343 2698 Derides
359 2654 487 2717 qnoque,
503 2635 561 2710 fur,
578 2643 607 2696 et
622 2634 804 2714 impudicum

221 2722 354 2783 ostendis
369 2721 493 2800 digitum
509 2721 582 2781 mihi
598 2717 748 2782 minanti?

222 2808 298 2868 eheu
315 2827 362 2868 me
378 2808 533 2882 miserum,
549 2805 631 2887 quod
645 2807 702 2868 ista
717 2805 831 2884 lignum
847 2810 899 2878 est,

222 2911 297 2972 qnae
313 2911 361 2955 me
375 2891 540 2954 terribilem
555 2891 624 2954 facit
640 2891 744 2953 videri.

222 2978 367 3040 mandabo
383 2977 503 3040 domino
519 2986 620 3039 tamen
636 2977 733 3050 salaci,

222 3071 255 3125 ut
269 3061 325 3144 pro
342 3083 390 3126 me
404 3063 474 3125 velit
487 3063 634 3126 irrumare
647 3063 739 3124 iures.
757 3145 766 3160 x

609 3269 683 3332 LVIl

224 3371 333 3434 Cornix
348 3380 378 3443 et
393 3371 485 3433 caries
500 3379 645 3452 vetusque
661 3373 792 3443 bustum,

223 3457 311 3519 turba
327 3457 428 3537 putida
443 3461 520 3518 laeta
536 3458 734 3530 saeculorum,

224 3561 300 3623 quae
316 3547 417 3604 forsan
431 3541 578 3623 potuisset
594 3561 658 3604 esse
674 3543 777 3602 nutrix

223 3629 347 3690 Tithoni
362 3628 530 3709 Priamique
545 3628 750 3713 Nestorisque,

114 3757 331 3770 -———-—

153 3812 161 3824 ‘
183 3809 238 3862 Llll
251 3809 266 3860 3
280 3809 340 3861 dellt
352 3809 429 3861 eodee
442 3809 587 3862 Vaticanus
599 3809 608 3880 ΙΙ
623 3809 677 3866 LIV
691 3813 703 3864 1
717 3807 756 3861 Ed
768 3809 791 3860 si
804 3804 813 3878 ll
827 3807 873 3864 LV
887 3806 897 3860 l
912 3807 997 3876 possit
1013 3803 1093 3858 oodeoe
1111 3804 1187 3860 (13ιεὶ-

114 3881 271 3950 serbpianus
283 3877 292 3948 Η
306 3881 321 3930 5
334 3879 451 3931 mutabor
463 3880 584 3932 Heinsius

976 3963 1027 4016 10*
