2860 4340
190 88 205 136 ·'
250 106 310 170 tte
699 102 870 172 seruetu-

399 261 466 343 quis
479 270 585 326 tenera
599 261 631 326 in
646 268 784 324 uestrum
799 260 916 324 veneris
931 259 1094 324 arbitrium.

299 364 314 412 5
357 365 426 426 ergo
441 366 494 426 age
509 346 661 422 duremus,
677 347 811 426 quamvis
827 345 989 408 adoleverit
1002 354 1093 419 setas,

399 440 578 513 utamurque
594 432 682 494 anuis
698 452 773 513 quos
789 451 872 494 mora
887 451 975 511 parve
990 440 1077 493 teret.

355 517 399 579 fas
415 526 444 579 et
458 518 523 579 iura
539 518 643 579 sinunt
657 525 771 580 veteres
787 517 948 579 extendere
964 536 1095 591 amures;

398 603 444 664 iae
459 603 517 664 cito
533 603 613 683 quod
629 611 768 683 coeptum
783 611 838 678 est,
854 621 917 664 neu
932 603 989 664 cite
1005 602 1142 664 desinere

316 703 331 753 3
345 703 440 771 leupus
452 707 548 756 meavi
559 701 569 774 ΙΙ
582 707 598 758 6
610 711 682 758 toust

673 971 886 986 m

247 1238 419 1304 ‘epr'gsamma
431 1235 496 1288 lutis
506 1234 641 1288 cuiusdam
651 1235 719 1302 qued
729 1234 826 1288 Rornae
840 1238 869 1288 in
882 1233 911 1287 V
908 1237 1014 1310 aticaua
1025 1233 1173 1290 bibliotheca
1189 1251 1250 1288 omn
1266 1238 1313 1289 Pe·

483 1325 563 1375 trunti
571 1323 722 1389 fragmerrte
733 1321 891 1392 descriptum
902 1321 960 1388 Iege*
971 1321 1077 1374 Bindus

483 1549 587 1602 Petroni
600 1565 700 1603 carmen
714 1549 801 1602 divino
814 1542 926 1618 pendet-'s
939 1553 1040 1616 currit,'

517 1637 565 1686 que
579 1621 697 1671 iuvenum
709 1636 792 1672 mores
805 1620 890 1684 arguit
902 1628 978 1686 utque
991 1636 1085 1671 senum.

482 1705 561 1755 quare
571 1689 620 1740 iile
630 1704 722 1755 praest
732 1690 826 1753 geute
839 1689 936 1740 iustius
948 1689 1045 1754 puelle,

517 1764 545 1808 et
557 1773 653 1824 quoque
667 1747 774 1808 delicies
787 1755 878 1820 frigide
892 1759 972 1808 sentit
984 1772 1055 1808 suus.

435 1827 450 1875 5
485 1841 541 1876 uum
553 1827 625 1876 uhter
637 1825 690 1876 diri
702 1826 857 1893 scripsitque
869 1823 980 1878 Neronis
993 1825 1086 1876 amictu

517 1892 623 1944 Arbiter
635 1894 745 1945 arbitrie
758 1895 842 1945 dietus
854 1901 881 1945 et
893 1895 947 1960 ipse
960 1909 1014 1945 suo.

317 1986 332 2036 3
346 1985 491 2052 Quartillae
503 2004 579 2055 prese
591 1989 701 2042 Bivium
711 1990 723 2058 ΙΙ
734 1993 751 2041 5
761 1992 883 2058 sortasse
894 1999 981 2044 rector
996 1990 1001 2056 Ι
1016 1991 1111 2041 uruieus
1122 1989 1231 2042 Breuem
