2864 4344
611 111 769 224 maweu!
1158 125 1217 188 ,61
1247 167 1248 171 ,

114 280 267 362 Lrecepi.
300 278 350 342 ille
365 284 399 344 ut
419 297 451 340 se
466 277 498 341 iu
512 275 673 358 'grabatum
694 273 796 342 reiecit
817 275 946 357 viditque
967 276 1073 342 Gitona
1094 277 1126 342 iu
1147 297 1220 341 con-

154 373 264 448 spectu
277 363 508 436 ministrantem,
523 363 716 442 movitcaput
730 370 760 428 et
772 363 877 426 ‘’laudo
890 362 986 444 inquit
998 363 1219 445 ‘Ganymedem-

155 459 278 552 oportet
291 450 381 514 hodie
396 449 473 515 hene
488 447 544 515 sit-³
573 465 640 516 uon
655 448 811 512 delectavit
825 467 874 510 mo
890 456 951 512 tam
966 449 1116 516 curiosum
1132 451 1220 532 prin-

154 538 268 619 cipium
282 536 439 628 timuique,
455 554 494 602 ne
507 535 539 597 in
555 534 785 600 contubernium
798 533 978 614 recepissem
989 536 1097 617 Ascylti
1108 555 1218 616 parom.

119 625 250 686 ὅιιιιιιι
263 617 438 702 Eumolpus,
459 628 489 683 et
504 639 572 684 cum
588 637 663 701 puer
683 621 725 682 illi
739 620 892 701 potionem
910 621 1051 694 dedisset,
1071 622 1157 684 ‘malo
1180 623 1220 686 te’

153 711 276 792 inquit‘
279 727 370 790 quam
384 706 525 772 balneum
539 705 645 771 totum
660 707 829 787 siccatoque
844 705 929 768 avide
944 707 1049 787 poculo
1065 715 1161 788 negat
1165 709 1221 770 sihi

153 814 291 877 unquam
306 793 417 860 acidius
432 791 534 856 fuisse.
559 800 638 856 ‘uam
653 801 682 854 et
696 793 766 856 dum
789 790 878 860 lavor’
899 790 969 854 ait
970 811 1063 873 paena
1078 795 1218 876 vapulari,

152 883 224 963 quia
236 887 361 944 conatus
383 898 451 942 sum
472 879 548 942 circa
568 879 675 942 solium
698 878 871 942 sedentibus
892 897 1013 943 carmen
1032 881 1165 956 recitare,
1191 889 1220 944 et

153 976 315 1048 postquam
330 967 367 1027 de
383 965 517 1027 balneet
505 973 645 1044 tauquam
672 965 708 1026 de
724 966 841 1028 theatro
864 964 977 1030 eiectus
996 984 1074 1040 sum,
1095 965 1219 1030 euenire

105 1067 135 1117 ιιι
153 1072 260 1116 omues
277 1053 400 1130 angulos
415 1050 500 1148 coepi
519 1058 549 1111 et
568 1051 643 1113 clara
659 1069 730 1113 voce
745 1049 911 1130 Encolpion
932 1050 1091 1115 clamitare
1126 1071 1161 1114 ex
1176 1054 1220 1114 al-

152 1147 220 1202 tera
233 1139 340 1223 parte
331 1136 448 1202 iuvenis
470 1137 579 1210 nudus,
605 1137 656 1218 qui
676 1136 851 1200 vestimenta
871 1136 1051 1217 perdiderat,
1079 1157 1140 1200 uon
1161 1139 1218 1200 mi-

152 1244 229 1291 nore
256 1223 393 1289 clamoris
417 1222 623 1320 iddignatione
645 1223 753 1287 Gitona
775 1221 933 1300 flagitabat.
967 1231 997 1286 et
1022 1242 1072 1286 me
1097 1220 1224 1305 quidem

152 1310 241 1392 pueri
262 1318 407 1390 tanquam
427 1308 569 1372 insanum
593 1307 761 1371 imitatione
780 1307 1020 1406 petulantissima
1040 1310 1218 1384 deriserunt,

116 1398 238 1462 illum
253 1404 352 1458 autem
369 1394 557 1474 frequentia¹
549 1412 655 1474 ingens
679 1395 872 1456 circumvenit
894 1413 964 1456 cum
983 1395 1089 1474 plausu
1112 1404 1141 1458 et
1163 1396 1217 1460 ad-

103 1498 133 1549 15
152 1483 313 1548 miratione
338 1479 534 1544 timidissima.
574 1480 699 1543 habehat
725 1481 804 1544 euim
830 1480 986 1560 inguinum
1010 1483 1130 1561 pondus
1154 1490 1218 1544 tam

150 1568 273 1648 grande,
288 1576 322 1630 ut
333 1567 433 1648 ipsum
443 1566 597 1629 hominem
610 1567 745 1628 laciniam
758 1566 863 1630 fascini
876 1566 1020 1628 crederes.
1049 1568 1218 1648 oinvenem

150 1655 350 1718 laboriosum:
367 1661 439 1732 puto
453 1652 536 1716 illum
551 1651 648 1732 pridie
658 1652 798 1733 incipere,
814 1659 935 1732 postero
948 1650 995 1712 die
1006 1653 1100 1715 finire.
1118 1653 1217 1735 itaque

151 1742 255 1806 statim
269 1737 552 1823 iuvenitauxilium3
579 1739 762 1818 nescioquis
784 1738 873 1812 euim,
899 1755 991 1817 eques
1011 1737 1163 1803 Romanus
1184 1747 1238 1804 ut,

151 1827 272 1892 aiebant
286 1825 418 1897 infamis,
434 1843 488 1886 sua
502 1830 584 1887 veste
599 1832 749 1888 errantem
765 1823 959 1886 circumdedit
947 1832 1008 1886 tac
1022 1825 1146 1896 domum
1162 1825 1217 1888 ah—
1233 1895 1238 1908 ,

100 1917 134 1968 ιθ
153 1913 244 1987 duxit,
260 1913 359 1984 credo,
375 1917 484 1973 uttam
501 1927 613 1988 magna
620 1913 739 1973 lortuua
762 1910 843 1972 solus
864 1918 1009 1974 uteretur
1043 1919 1073 1972 at
1098 1930 1152 1991 ego
1179 1928 1217 1974 ue

153 2005 218 2062 mea
233 1999 355 2079 quidem
370 1996 547 2058 vestimenta
562 1995 598 2058 ah
614 2015 631 2056 o
632 1996 746 2058 ltioioso
759 1997 869 2060 custode
875 1997 1076 2094 recepissem,
1091 1997 1150 2060 nisi
1161 2016 1216 2061 uo-

152 2093 247 2150 torem
265 2083 423 2146 dedissem.
457 2089 541 2143 tanto
557 2081 650 2162 magis
666 2081 808 2162 expedit
800 2083 921 2160 anguina
934 2101 1024 2162 quam
1036 2083 1151 2162 ingenia
1162 2083 1216 2144 fri-

151 2169 238 2236 caro'
272 2171 346 2232 haec
360 2167 508 2264 Eumolpo
522 2168 637 2230 dicente
653 2168 804 2231 mutabam
821 2187 874 2248 ego
890 2169 1135 2267 frequentissime
1151 2171 1216 2232 vul·
1294 2201 1297 2208 ι

148 2266 226 2330 tum,
240 2255 358 2321 iniuriis
374 2253 508 2318 scilicet'
499 2252 611 2317 inimici
632 2255 691 2318 naci
711 2252 821 2330 hilaris,
844 2255 1008 2319 commodis
1028 2255 1097 2318 trist
1084 2256 1132 2318 tis.
1166 2262 1216 2316 ut-

28 2367 30 2370 ·
96 2350 130 2402 ιι
149 2361 269 2423 cunque
283 2349 393 2412 ιιιιιιιι,
409 2347 553 2419 tanquam
563 2357 626 2402 ιιιιιι
640 2358 830 2421 agnoscerem
841 2341 979 2416 fabulam,
995 2341 1073 2404 tacui
1084 2349 1113 2404 et
1124 2358 1216 2404 cenae

150 2429 288 2494 οιιιιιιιιιι
304 2425 440 2506 explicui

671 2536 690 2573 ι·

237 2603 301 2666 ‘vile
318 2608 372 2674 est,
389 2600 468 2681 quod
483 2599 559 2672 licet,
574 2607 607 2662 et
620 2599 738 2663 animus
755 2619 856 2665 errore
869 2602 967 2666 lentus
978 2599 1100 2667 iniurias
1113 2599 1214 2680 ddigit.
1228 2595 1268 2658 93

350 2687 410 2751 ales
422 2684 573 2750 Phasiacis
587 2685 680 2766 petita
696 2685 811 2764 Colchis

352 2779 440 2852 atque
455 2772 545 2836 Afrae
560 2773 697 2834 volucres
713 2772 830 2852 placent
844 2774 954 2852 palato,

353 2858 432 2939 quod
448 2875 511 2920 non
526 2864 598 2921 sunt
612 2857 729 2923 faciles:
746 2866 775 2922 at
790 2857 875 2922 albus
891 2877 977 2922 auser

352 2951 381 3006 et
395 2943 483 3024 pictis
499 2962 570 3006 anas
584 2951 727 3008 renovata
743 2945 848 3024 pennis

350 3028 501 3109 plebeium
515 3030 600 3108 sapit.
635 3028 747 3092 ultimis
763 3030 799 3106 ιιι
816 3029 876 3091 oris

350 3123 491 3181 attractus
502 3133 603 3178 scarus
615 3120 703 3194 atque
719 3123 799 3181 arata
814 3115 909 3196 Syrtis

301 3259 303 3268 ,
350 3201 376 3264 si
392 3201 463 3286 quid
477 3200 629 3281 naufragio
645 3200 734 3274 dedit,
749 3201 902 3281 probatur.
934 3225 936 3230 ·
1026 3205 1030 3210 '

352 3287 460 3351 mullus
474 3286 535 3350 iam
550 3287 647 3366 gravis
664 3295 717 3349 est.
752 3287 846 3352 amica
860 3286 950 3348 vincit

352 3391 485 3436 uxorem.
507 3391 576 3436 rosa
591 3372 762 3436 cinnamum
778 3381 905 3436 veretur.

352 3458 493 3538 quicquid
508 3458 670 3539 quaeritur,
687 3458 833 3539 optimum
848 3453 983 3521 videtur!
1098 3517 1107 3538 ,

235 3542 302 3606 ‘laoc
317 3542 368 3610 est’
380 3543 503 3624 inquam
519 3544 607 3626 ‘quod
622 3543 813 3626 promiseras,
828 3561 868 3606 ue
884 3562 974 3625 quem
989 3540 1077 3604 hodie
1093 3560 1215 3607 versum
1227 3540 1267 3602 94

221 3763 275 3814 8ιι
288 3759 297 3830 ιι
311 3762 343 3814 24
361 3763 443 3814 nostri
459 3759 698 3830 damascenum
716 3763 831 3814 intentus
847 3760 957 3829 contem}
974 3762 1003 3812 31
1023 3766 1114 3823 atagos
1137 3777 1215 3828 opaca

146 3832 238 3898 prunis
265 3831 440 3886 Toamaoae'ana
460 3833 526 3886 tuna
547 3847 647 3884 norsum
665 3833 731 3885 inter
748 3831 850 3884 Colchis
867 3837 891 3886 ot
908 3839 985 3898 atque
1001 3828 1131 3886 collocans
1158 3830 1214 3883 avis

102 3900 310 3968 florilegium.
324 3905 404 3953 metro
416 3903 530 3953 convenit
543 3901 659 3954 involuta
