2864 4344
234 160 275 224 50
513 149 516 158 ’
686 159 841 220 vernonii

233 336 324 380 cursu
346 318 458 381 centies
479 318 652 380 sestertium
675 319 892 382 corrotundavi.
927 319 1026 383 statim
1053 321 1167 384 redemi
1188 323 1340 386 fundosd

233 423 347 478 omnes,
363 405 416 485 qui
430 405 547 486 patroni
558 405 759 469 mci-fuerant.
794 405 916 469 aedifico
929 406 1061 481 domum,
1076 407 1217 471 venalicia
1228 429 1299 472 coe-

233 491 440 566 moiumcnta3
456 489 597 572 quicquid
606 492 772 572 tangebam,
788 492 940 555 crescebat
950 491 1195 576 tanquamfavus.
1211 504 1295 576 post-

235 596 323 659 quam
339 577 423 658 coepi
439 578 505 658 plus
520 577 639 651 hahere,
662 597 752 659 quarn
768 585 831 639 tota
852 580 947 658 patria
971 599 1039 642 mea
1054 580 1151 656 hahet,
1173 599 1296 644 manum

232 663 269 724 de
284 663 400 725 tabula:
415 663 521 725 sustuli
536 683 584 726 me
599 664 636 725 de
652 664 854 746 negotiah'one
865 672 894 727 et
905 666 988 746 cocpi
999 664 1120 728 libertos
1132 669 1296 729 faenerare.
1316 679 1331 729 5

232 757 263 812 et
277 769 347 812 sane
363 750 515 814 nolentem
530 769 578 812 mc
594 749 747 830 negotium
761 769 863 814 meum
886 769 973 830 agere
995 753 1159 814 exhortavit
1179 753 1298 816 mathe-

232 836 366 909 maticus,
382 836 433 918 qui
449 843 568 898 venerat
588 839 666 899 forte
681 836 713 898 in
729 835 871 900 coloniam
887 845 1030 913 nostram,
1055 837 1219 913 Graeculio,
1241 840 1298 902 Se·

231 941 302 1002 rapa
317 923 449 995 nomine,
466 921 638 984 consiliator
654 923 785 986 deorum.
820 924 869 986 hic
884 924 957 985 mihi
969 924 1043 986 dixit
1055 924 1145 987 ctiam
1161 945 1203 999 ea,
1221 945 1297 1007 quae

230 1008 340 1071 oblitus
356 1026 452 1086 cram;
468 1009 503 1072 ah
518 1007 582 1070 aeia
598 1016 628 1070 et
643 1027 697 1070 acn
712 1007 753 1071 mi
766 1010 864 1072 omnia
876 1010 1028 1091 exposuit,
1041 1010 1201 1073 intestinas
1214 1030 1296 1074 meas

231 1104 364 1167 noverat,
380 1056 498 1157 tanthm
514 1095 594 1176 quod
609 1094 684 1157 mihi
696 1113 761 1158 non
777 1096 897 1171 dixerat,
914 1096 985 1186 qnid
1001 1097 1096 1177 pridie
1109 1103 1295 1162 cenaveram.
1317 1111 1347 1162 ιι
1424 1101 1425 1182 ι

178 1175 218 1236 77
231 1189 368 1262 putasses
384 1182 468 1244 ιιιιιιιι
477 1199 596 1262 semper
607 1200 725 1244 mecum
737 1182 895 1246 habitasse
929 1201 1011 1261 rogo,
1026 1182 1220 1245 Habinna-
1237 1203 1296 1265 pu·
1424 1183 1425 1200 ¹

231 1276 272 1341 to,
288 1267 505 1329 interfuisti—
513 1272 591 1329 :“tu
613 1267 766 1330 dominam
785 1275 869 1330 tuam
892 1268 1032 1331 derebus
1048 1269 1105 1330 illis
1126 1269 1230 1332 fecisti.
1261 1279 1297 1333 tu

229 1372 336 1434 parum
351 1353 443 1416 felix
434 1372 466 1415 m
481 1352 591 1416 amicos
607 1373 649 1415 es.
682 1371 770 1416 nemo
783 1373 915 1436 uuquam
926 1355 981 1417 tihi
995 1371 1098 1436 parem
1109 1355 1233 1433 gratiam
1244 1375 1296 1419 re-

230 1440 297 1503 fert.
331 1447 364 1503 tu
379 1439 533 1502 latifundia
548 1439 692 1520 possides.
726 1449 760 1502 tu
781 1440 913 1520 viperam
937 1440 992 1502 suh
1013 1441 1063 1502 'ala
1082 1441 1234 1504 nutricas''
1256 1450 1295 1517 et,

230 1526 311 1606 quod
326 1526 409 1588 vohis
424 1544 486 1589 non
501 1526 635 1600 dixerim,
652 1533 681 1588 et
696 1545 777 1588 nnnc
792 1526 834 1588 mi
848 1534 960 1589 restare
975 1526 1051 1590 vitae
1064 1545 1159 1588 annos
1172 1528 1295 1608 triginta
1317 1543 1346 1596 ιι

229 1619 258 1674 et
274 1629 393 1674 menses
408 1620 549 1694 quattuor
565 1619 595 1674 et
609 1611 671 1674 dics
691 1613 774 1674 duos.
797 1618 947 1693 praetcrea
960 1611 1021 1674 ·eito
1043 1613 1185 1694 accipiam
1207 1615 1296 1678 here-

229 1697 362 1761 ditatem.
395 1699 452 1762 hoc
468 1699 540 1760 mihi
555 1698 626 1760 dicit
640 1699 718 1760 fatus
734 1717 828 1760 meus.
863 1699 944 1779 quod
964 1698 990 1760 si
1011 1698 1170 1778 contigerit
1185 1699 1296 1763 fundos

228 1783 349 1866 Apuliae
364 1785 496 1866 iungere,
513 1784 582 1847 satis
598 1785 680 1848 vivus
695 1803 871 1866 pervenero.
905 1783 1025 1846 interim
1041 1785 1112 1846 dum
1128 1784 1294 1848 Mercurius

227 1871 335 1950 vigilat,
350 1871 499 1934 aedificavi
513 1872 590 1933 hanc
602 1871 733 1935 domum.
769 1881 802 1934 ut
812 1871 903 1945 scitis,
920 1871 1017 1933 casula
1029 1879 1107 1946 crat3
1122 1889 1205 1933 nunc
1216 1879 1293 1934 tem-

227 1957 310 2036 plum
327 1965 382 2019 est.
414 1958 502 2021 hahet
517 1963 659 2037 quattuor
673 1957 855 2030 cenationes,
877 1957 1012 2020 cubicula
1027 1955 1139 2036 viginti,
1161 1957 1293 2038 porticus
1311 1969 1344 2020 20

136 2099 139 2107 .
227 2051 421 2107 marmoratas
448 2044 529 2116 duas,
552 2060 654 2104 susum
675 2043 878 2113 cenationem,
905 2043 1074 2105 cubiculum
1095 2042 1127 2104 in
1149 2062 1208 2125 quo
1229 2045 1295 2126 ipse

228 2129 353 2205 dormio,
371 2130 486 2211 viperae
498 2127 586 2192 huius
598 2129 769 2201 sessorium
786 2127 898 2191 ostiarii
910 2129 1015 2191 cellam
1026 2129 1207 2209 perbonam·
1223 2130 1295 2193 hos-

226 2215 332 2296 pitium
354 2216 489 2297 hospites
510 2213 595 2294 capit.
630 2216 667 2278 ad
688 2234 847 2287 summam,
874 2215 1002 2278 Scaurus
1028 2234 1097 2278 cum
1123 2217 1182 2277 huc
1202 2217 1292 2291 venit,

227 2318 375 2402 nusquam
397 2301 539 2364 mavoluit
554 2299 706 2391 hospitari,
729 2309 757 2363 et
777 2301 868 2364 hahet
883 2301 919 2364 ad
943 2320 1024 2364 mare
1045 2309 1204 2382 patemnm
1222 2303 1293 2364 hos

226 2387 343 2469 pitium.
378 2397 408 2450 et
422 2388 514 2450 multa
529 2387 584 2450 alia
599 2383 679 2461 sunt,
705 2405 780 2469 quae
802 2387 902 2450 statim
925 2387 1008 2452 vohis
1024 2389 1191 2450 ostendam.
1226 2405 1292 2450 cre·
1310 2401 1343 2452 25

146 2501 148 2506 ¹
228 2475 289 2536 dite
310 2474 396 2537 mihi:
422 2494 519 2538 assem
537 2474 654 2572 habeas,
671 2492 769 2537 assem
793 2475 904 2551 valeas,
928 2474 1029 2549 habes,
1052 2472 1218 2535 habeberis.
1250 2474 1293 2536 sic

227 2561 340 2624 amicus
361 2569 473 2634 vester,
498 2561 549 2642 qui
567 2560 625 2623 fuit
644 2579 732 2636 rana,
757 2579 839 2622 nunc
862 2570 907 2623 cst
930 2580 991 2622 rex.
1025 2559 1160 2633 interim,
1181 2559 1292 2632 Stiehe,

227 2648 328 2728 profer
344 2648 449 2720 vitalia,
470 2647 501 2709 ιιι
517 2646 625 2729 quihus
641 2648 707 2709 volo
723 2667 772 2709 mc
793 2647 900 2710 efferri.
933 2649 1036 2728 profer
1055 2653 1083 2706 et
1103 2653 1293 2726 unguentum

228 2741 257 2794 et
273 2751 308 2796 ex
322 2733 371 2796 illa
384 2733 528 2814 amphora
544 2740 674 2813 gustum,
691 2752 727 2794 ex
743 2753 801 2815 qna
816 2733 904 2795 iubeo
920 2731 1008 2795 lavari
1025 2750 1092 2794 ossa
1108 2729 1189 2794 mea’

172 2825 214 2888 78
311 2838 373 2882 non
389 2827 434 2881 est
449 2828 582 2881 moratus
599 2817 728 2892 Stichus,
751 2819 804 2882 sed
821 2827 850 2880 et
865 2820 1024 2900 stragulam
1046 2817 1142 2882 albam
1158 2824 1187 2879 et
1201 2835 1291 2899 prae·
1311 2833 1343 2884 ³0

226 2914 337 2969 textam
351 2905 385 2967 in
400 2905 561 2967 triclinium
576 2905 674 2967 attulit
1064 2940 1066 2944 -

226 2993 370 3074 iussitque
385 3009 441 3054 nos
457 2999 583 3063 tentare,
599 3009 637 3053 an
652 2989 740 3052 honis
763 2989 836 3054 lanis
852 2996 954 3053 essent
968 2990 1113 3053 confecta.
1135 2996 1201 3052 tum
1216 2985 1292 3050 suh·

224 3078 326 3140 ridens
353 3077 457 3140 videt
444 3079 487 3141 t’u
502 3077 599 3176 inquit
620 3077 741 3150 ‘Sticho
765 3095 804 3138 ne
820 3077 875 3140 ista
891 3094 992 3140 mures
1007 3082 1131 3156 tangant
1145 3082 1197 3137 aut
1211 3072 1291 3137 tine-

227 3181 276 3225 ae·
270 3165 424 3244 ,alioquin
439 3172 469 3226 te
484 3164 582 3226 vivum
600 3163 784 3225 comburam.
818 3181 871 3242 ego
886 3163 1032 3242 gloriosus
1047 3163 1113 3224 volo
1130 3161 1237 3235 efferri,
1258 3166 1293 3222 ut

225 3257 308 3313 totus
330 3249 404 3312 mihi
420 3250 549 3331 populus
574 3250 651 3313 hene
670 3249 871 3366 imprecetur.
904 3250 1004 3312 statim
1026 3248 1185 3344 ampullam
1206 3241 1292 3310 nardi
1310 3261 1343 3312 ³5

226 3336 341 3417 aperuit
357 3342 520 3418 omnesque
535 3351 591 3398 nos
606 3335 692 3397 unxit
707 3336 762 3396 ct‘
763 3335 859 3446 ιριιο’
876 3335 975 3433 inquit
988 3337 1133 3398 futurum
1150 3341 1292 3431 utaequa

226 3439 275 3483 me
290 3429 444 3485 mortuum
459 3423 539 3485 iuvet
553 3429 698 3502 tanquam
713 3420 831 3484 vivum?
865 3441 933 3484 nam
950 3421 1051 3483 vinum
1063 3418 1209 3502 quidem
1199 3437 1231 3480 m
1248 3418 1292 3481 ιι

225 3508 343 3572 narium
357 3508 443 3570 iussit
457 3507 575 3571 infundi
590 3517 620 3570 et
635 3513 746 3589 ‘putate
761 3527 814 3570 vos
817 3507 880 3571 ait
895 3507 942 3571 ‘ad
957 3505 1118 3589 parentalia
1130 3523 1195 3567 mea
1211 3503 1291 3566 invi

224 3602 304 3657 tatus
320 3595 405 3657 esse.¹

294 3735 368 3800 5per
379 3732 487 3784 libertos
500 3730 641 3801 Ηειιιιιιιειι
654 3731 809 3797 tinniente!
824 3730 944 3784 exoravit
957 3728 1027 3782 aad
1016 3745 1043 3780 eo
1059 3744 1159 3794 morgan
1140 3729 1227 3780 cal.
1247 3739 1293 3780 ex·

224 3797 362 3870 ιιοιιιιιιι
382 3803 413 3855 10
430 3801 491 3852 mihi
508 3730 653 3853 adddumil'
641 3811 742 3853 mmor
739 3731 817 3936 ιηἰιιιι
819 3796 871 3866 ι12
890 3798 968 3850 rehus
984 3795 1086 3865 pusillis
1103 3795 1223 3850 Hctanur
1235 3795 1245 3866 ιι
1260 3797 1292 3848 15

226 3870 302 3921 etiarn
314 3797 378 3921 nuic
391 3867 499 3921 Iahnius
512 3868 520 3938 ιι
537 3871 567 3922 19
585 3815 793 3936 cusuccrat121
812 3796 973 3920 1ιιιιιιιοιιιιιι
991 3865 1053 3916 duos
1068 3861 1074 3932 ι
1095 3864 1256 3918 collationem
1271 3863 1280 3934 ιι

225 3939 259 3992 24
270 3939 367 3992 mavolt
377 3939 499 3992 deiectus
