2864 4344
617 105 760 162 sarman

301 265 353 346 qui
367 279 484 345 pugnas
499 273 530 326 ct
545 271 638 328 castra
653 263 736 344 petit,
752 263 952 344 praecingitur
967 283 1056 342 auro;

300 351 365 414 vilis
379 348 513 412 adulator
527 350 608 431 picto
623 350 697 414 iacet
712 348 811 413 ebrius
827 359 919 423 ostro,

301 445 330 501 et
345 435 397 518 qui
411 436 547 501 solliciut
562 443 681 517 nuptas,
696 436 733 498 ad
748 437 880 517 praemia
895 446 1013 519 peccat:

300 523 362 588 sola
376 521 528 628 pruinopis
542 524 647 588 horret
656 523 794 586 facundia
808 522 917 604 pannis

119 627 135 678 5
298 617 389 688 atque
403 609 487 690 inopi
501 610 599 690 lingna
613 610 748 672 desertas
763 609 882 672 invocat
897 616 986 672 artes.

154 713 218 758 non
233 693 324 762 dubie
338 696 379 758 ita
394 705 455 758 est:
471 695 497 758 si
508 696 575 777 quds
586 696 725 760 vitiorum
735 695 870 760 omnium
882 696 1021 759 inimicus
1032 709 1150 762 rectum
1162 699 1220 762 iter
1233 699 1273 762 84

155 781 232 844 vitae
244 781 342 863 coepit
353 781 502 856 insistere,
511 782 642 862 primum
650 790 895 864 proptermorum
904 782 1104 848 differentiam
1117 785 1219 848 odium

155 867 263 944 habeta
283 869 350 949 quis
365 869 447 932 euim
460 876 562 950 potest
576 867 704 950 probare
720 865 857 948 diversa?
880 868 988 932 deinde
1008 871 1060 951 qui
1075 872 1151 934 solas
1167 891 1219 932 ex-

154 963 258 1020 truere
273 955 390 1018 divitias
408 962 523 1028 curant,
546 955 621 1019 nihil
636 957 740 1020 volunt
755 956 835 1019 inter
850 955 986 1020 homines
1007 956 1219 1031 melius'credi,

101 1061 134 1114 ιο
153 1060 245 1122 quam
260 1042 341 1122 quod
354 1040 413 1122 ipsi
427 1047 543 1104 tenent.
576 1042 760 1105 insectantur
782 1041 889 1122 itaque,
913 1059 1089 1124 quacunque
1103 1045 1219 1108 ratione

150 1134 293 1208 possunt,
308 1126 462 1238 literprum
478 1135 637 1201 amatores,
657 1138 692 1192 ut
705 1128 861 1192 videantur
876 1129 917 1191 illi
932 1146 1051 1209 quoque
1070 1129 1149 1194 inira
1164 1150 1217 1212 pe-

151 1213 271 1278 cuniam
286 1213 375 1294 positi
528 1237 533 1246 -

109 1398 131 1452 L
251 1386 258 1472 Ι
277 1388 462 1470 ‘nescioquo
478 1389 568 1454 modo
582 1327 800 1454 bonao*mentis
816 1408 901 1454 soror
914 1398 960 1452 est
974 1390 1140 1472 paupertas’

680 1503 699 1540 at

239 1565 365 1638 uellem,
380 1574 442 1628 tam
456 1565 603 1628 innocens
615 1573 696 1629 esset
710 1565 887 1645 frugalitatis
899 1584 984 1628 meae
993 1567 1097 1639 hostis,
1113 1575 1147 1630 ut
1162 1571 1205 1632 de

98 1666 131 1720 15
149 1651 239 1714 leniri
253 1659 364 1733 posset.
397 1669 480 1714 nunc
499 1660 657 1716 veteranus
678 1660 724 1715 est
739 1653 815 1714 latro
831 1661 862 1714 et
874 1652 948 1733 ipsis
970 1652 1130 1716 lenonibus
1145 1655 1217 1718 doo-

149 1737 219 1801 tior'

674 1851 694 1887 ᾗ
1049 1867 1055 1878 ι

237 1913 278 1976 ‘in
293 1913 392 1976 Asiam
408 1931 476 1976 cum
491 1933 508 1976 a
522 1921 682 1995 quaestore
703 1931 801 1982 essem
816 1911 968 1994 stipendio
989 1916 1125 1991 eductus,
1146 1917 1218 1979 hos·
1231 1926 1270 1989 85

152 1999 259 2081 pilium
275 2000 412 2080 Pergami
427 2001 534 2080 accepi
568 2000 620 2064 ubi
635 2019 702 2065 cum
718 2000 846 2063 libenter
860 1999 1024 2062 habitarem
1042 2019 1106 2064 non
1121 2002 1218 2066 solum

150 2094 275 2168 propter
290 2086 404 2149 cultum
419 2086 629 2162 aedicularum,
652 2088 705 2150 sed
721 2088 810 2149 etiam
825 2092 948 2167 propter
963 2087 1088 2169 hospitis
1103 2089 1218 2152 formo-

97 2187 132 2238 2ο
150 2173 304 2235 sissimum
320 2173 424 2245 lilium,
452 2173 611 2252 excogitari
631 2173 790 2247 rationem,
817 2191 875 2253 qua
890 2190 952 2234 non
968 2191 1067 2236 essem
1082 2176 1159 2255 patri
1173 2181 1218 2238 fa-

149 2258 249 2322 miliae
263 2267 419 2340 suspectos
435 2267 557 2322 amator.
581 2260 819 2341 quotiescunque
835 2259 957 2321 enimin
967 2261 1103 2323 convivio
1114 2262 1150 2324 de
1160 2281 1219 2324 usu

148 2349 352 2408 formosorum
366 2345 479 2408 mentio
494 2351 570 2408 facta
583 2353 637 2419 est,
649 2353 710 2408 tarn
722 2347 915 2408 vehementer
926 2347 1078 2420 excandui,
1093 2355 1156 2409 tarn
1169 2369 1218 2412 se-

148 2450 220 2494 vera
234 2431 355 2494 tristitia
366 2430 468 2494 violari
484 2449 571 2494 aures
585 2450 669 2494 meas
686 2433 817 2496 obsceno
839 2449 980 2495 sermone
995 2432 1086 2507 nolui,
1113 2443 1147 2496 ut
1168 2455 1216 2498 me

149 2525 248 2580 mater
258 2518 416 2598 praecipue
431 2526 571 2598 tanquam
588 2535 686 2580 unum
701 2537 736 2579 ex
752 2517 936 2599 philosophis
950 2519 1129 2581 intueretur.
1157 2521 1216 2583 iam

97 2615 129 2665 25
149 2623 206 2684 ego
222 2621 379 2684 coeperam
394 2604 542 2686 ephebum
554 2605 586 2666 in
597 2603 783 2685 gymnasium
801 2603 958 2678 deducere,
975 2621 1030 2684 ego
1042 2605 1140 2667 studia
1152 2606 1216 2670 eius

148 2689 297 2764 ordinare,
314 2708 367 2768 ego
383 2691 489 2754 docere
509 2710 544 2752 ac
557 2690 737 2771 praecipere,
758 2706 797 2751 ne
817 2690 884 2769 quis
906 2691 1062 2770 praedator
1084 2693 1216 2774 corporis

148 2776 359 2839 admitteretur
373 2776 405 2838 in
420 2778 543 2839 domum

675 2889 692 2926 d

234 2951 312 3014 forte
327 2957 395 3014 cum
411 2952 442 3014 in
456 2951 585 3014 triclinio
601 2951 775 3027 iaceremus,
790 2953 858 3033 quia
871 2953 934 3016 dies
946 2955 1099 3017 sollemnis
1110 2954 1221 3018 ludum

148 3044 296 3102 amaverat
320 3039 529 3119 pigritiamque
555 3038 714 3102 recedendi
732 3040 918 3119 imposuerat
936 3039 1067 3103 hilaritas
1088 3041 1214 3124 longior,

97 3135 130 3188 30
147 3125 213 3187 iere
228 3123 306 3186 circa
321 3124 450 3188 mediam
466 3131 586 3188 nomem
601 3124 733 3186 intellexi
746 3143 876 3206 puerum
891 3125 1018 3206 vigilare.
1052 3128 1153 3208 itaque
1176 3129 1214 3190 ti-

147 3209 315 3272 midissimo
331 3228 485 3273 murmure
499 3219 602 3273 votum
617 3210 674 3273 teci
687 3219 716 3273 et
731 3209 889 3273 “domina”
905 3211 1026 3293 inquam
1042 3213 1171 3288 “Venus,
1188 3215 1213 3276 si

148 3295 594 3378 egohuncpucrumbasiavero,
610 3297 814 3360 itautillenon
829 3297 948 3372 sentiat,
964 3315 1029 3360 cras
1040 3298 1082 3360 illi
1093 3318 1148 3380 par
1163 3321 1214 3362 co-

146 3381 317 3445 lumbarum
334 3383 478 3445 donabo''.
517 3382 618 3446 audito
634 3383 792 3464 voluptatis
806 3385 903 3466 pretio
915 3404 990 3465 puer
1004 3392 1130 3448 stertere
1146 3405 1214 3449 coe-
1234 3375 1236 3383 ’

146 3468 202 3549 pit.
235 3468 335 3549 itaque
350 3487 504 3549 aggressus
519 3470 710 3532 simulantem
732 3470 845 3550 aliquot
866 3469 986 3532 basiolis
1001 3470 1105 3534 invasi.
1139 3491 1213 3534 con·
1296 3528 1300 3537 .

97 3569 128 3620 35
146 3562 251 3616 tentus
266 3554 322 3617 hoc
336 3556 481 3637 principio
496 3557 575 3618 bene
590 3574 678 3618 mane
693 3557 807 3618 surrexi
823 3556 1009 3638 electumque
1028 3577 1083 3639 par
1097 3559 1213 3622 colum-

146 3640 252 3704 barum
269 3643 353 3704 attuli
368 3642 536 3723 expectanti
551 3662 585 3705 ac
600 3661 653 3722 me¹
664 3649 733 3704 voto
748 3643 867 3706 exsolvi.
890 3645 1025 3724 proxima
1040 3652 1128 3708 nocte
1144 3667 1212 3710 cum
1224 3651 1265 3714 86

216 3828 229 3877 7
243 3827 372 3893 inspicere
385 3825 394 3895 ll
411 3829 441 3879 10
453 3826 581 3878 iactantur
594 3825 603 3894 ll
618 3826 648 3878 ll
666 3824 734 3878 mab
745 3826 809 3878 illae
826 3832 851 3879 et
866 3828 965 3895 positae
978 3827 987 3895 ΙΙ
1002 3829 1032 3880 17
1045 3845 1135 3881 omnen
1150 3847 1212 3882 aar·

145 3898 227 3948 rantra
238 3894 384 3964 eripuerim
395 3897 453 3947 erat
464 3895 602 3964 Eumolpus
616 3893 624 3962 ΙΙ
638 3895 671 3946 29
683 3898 780 3947 tentori
789 3899 957 3964 ampliaverat
