2864 4344
204 110 256 196 ’43
669 133 822 187 3333333

214 288 403 353 immiscebat
417 288 594 352 Atellanicos
609 306 722 361 versus,
744 297 776 350 ut
791 296 864 352 tunc
878 289 1009 368 primum
1032 309 1080 352 me
1101 290 1190 352 etiam
1205 293 1279 353 1133-
1299 297 1326 349 11

213 378 300 457 gibus
315 375 480 438 offenderit.
517 374 653 454 plausum
664 383 776 449 tamen,
792 393 861 437 oum
873 374 1032 454 aliquando
1045 376 1181 450 desisset,
1198 375 1280 438 adie-

215 463 254 525 cit
268 462 417 524 Habinnas
432 469 461 522 et
477 459 651 539 ‘nunquam'
666 460 766 539 inquit
783 461 904 534 ‘didicit
926 461 979 522 sed
995 479 1048 540 333
1070 463 1105 524 331
1122 461 1280 525 313331333-

213 567 263 610 res
290 566 360 610 eum
386 546 533 608 mittendo
560 543 725 608 erudibam.
759 547 862 628 itaque
887 565 989 626 parem
1011 564 1073 608 uon
1094 548 1192 619 habet,
1219 549 1281 610 3133

207 635 361 699 ¹muliones
373 632 451 694 33133
463 632 525 693 3133
536 631 724 693 circulatores
736 632 853 710 imitari.
870 633 1059 714 defloratum
1069 633 1152 694 331313
1164 633 1283 712 133331-
1301 654 1316 703 5

119 719 122 724 ’
216 739 288 783 3333
300 726 360 780 est:
376 718 456 780 idem
472 725 557 780 sutor
571 725 626 790 est,
641 715 720 778 idem
736 736 835 791 cocus,
850 717 928 779 idem
944 717 1048 797 pistor,
1065 719 1162 780 omnis
1177 737 1282 782 musae

216 804 408 885 mancipium.
423 804 482 866 duo
490 811 591 865 tamen
599 801 666 863 vitia
674 803 773 874 hahet,
790 803 896 884 quaesi
907 803 1109 878 nonhahcret‚
1125 812 1208 867 esset
1215 823 1281 866 om-

214 891 298 952 nium
306 907 480 951 numerum:
497 887 642 950 recutitus
655 896 740 950 estet
752 889 860 951 3333313.
884 907 954 951 nam
966 889 1213 968 quodstrahonus
1226 899 1281 966 est,

215 995 277 1038 non
292 993 378 1050 curo;
401 975 478 1037 31333
491 975 592 1036 Venus
603 980 724 1053 spectat.
747 973 813 1035 ideo
830 974 901 1036 nihil
912 981 998 1047 33333,
1013 974 1060 1035 313
1069 977 1154 1037 33313
1162 985 1282 1038 mortuo

163 1060 204 1121 69
217 1081 360 1142 unquam.
376 1060 458 1122 illum
475 1059 533 1120 cmi
547 1058 690 1122 trecentis
706 1059 856 1130 denariis',
889 1059 1089 1139 interpellavit
1106 1062 1280 1142 loquentem
1301 1076 1333 1128 13

216 1147 349 1210 Scintilla
356 1154 386 1207 et
396 1144 499 1225 ‘plane'
507 1145 606 1226 inquit
614 1151 685 1206 ‘non
693 1146 792 1206 omnia
805 1145 926 1208 artificia
934 1145 1011 1206 servi
1024 1164 1154 1226 nequam
1167 1164 1279 1209 narras.

215 1253 304 1312 33333
317 1239 378 1306 3333
394 1239 423 1292 33
436 1230 555 1304 curabo,
567 1230 704 1308 stigmam
717 1230 841 1293 haheat’
863 1231 930 1292 risit
938 1231 1115 1293 Trimalchio
1124 1241 1155 1293 33
1163 1233 1279 1310 ‘adcog-

214 1317 314 1380 nosco'
329 1316 428 1397 inquit
443 1316 672 1396 ι3333331333333
696 1316 772 1376 nihil
788 1317 844 1378 sihi
860 1317 1016 1379 defraudit.
1052 1326 1081 1378 et
1096 1318 1278 1380 mehercules

215 1404 303 1466 laudo
318 1403 418 1477 illum3
439 1402 497 1462 hoo
512 1400 592 1472 enim
607 1419 697 1463 nemo
713 1410 858 1482 parentat.
880 1409 1038 1474 tuentem,
1058 1403 1199 1476 Scintilla,
1219 1403 1280 1465 noli

215 1489 347 1569 zelotypa
355 1505 428 1548 esse.
446 1488 533 1550 crede
541 1485 623 1559 mihi,
639 1494 727 1548 33333
740 1487 887 1549 novimus.
904 1487 946 1548 sic
957 1506 1006 1550 me
1016 1489 1130 1549 salvum
1137 1487 1282 1560 habeatis,
1303 1501 1333 1552 15

215 1584 248 1636 ut
264 1593 319 1653 333
335 1573 377 1634 313
392 1572 520 1634 solebam
537 1572 683 1651 ipsumam
699 1590 797 1634 meam
820 1572 1000 1644 debattuere,
1021 1581 1054 1634 ut
1075 1574 1163 1636 331333
1185 1575 1282 1636 domi-

215 1666 272 1722 nus
298 1659 515 1739 suspicaretur3
546 1664 577 1720 et
598 1655 664 1719 ideo
685 1677 734 1719 333
759 1658 791 1718 13
814 1658 1012 1720 vilicationem
1033 1659 1182 1738 331333313.
1228 1660 1283 1722 3331

215 1754 288 1818 tace,
305 1745 411 1824 lingua,
427 1743 503 1805 daho
518 1742 647 1823 3333333
684 1751 827 1823 tanquam
840 1744 977 1805 laudatus
990 1755 1069 1807 esset
1080 1745 1282 1825 nequissimus

215 1849 330 1901 servus,
345 1831 497 1892 lucernam
513 1830 550 1890 de
572 1828 641 1890 sinu
656 1829 776 1892 fictilem
792 1829 917 1910 protulit
932 1836 962 1890 33
982 1830 1109 1910 amplius
1131 1823 1281 1893 semihora

213 1916 360 1979 tubicines
386 1915 517 1976 imitatus
539 1921 583 1975 333
604 1915 778 1976 succinente
800 1915 936 1977 Habinna
964 1915 1140 1978 3313133133
1165 1916 1280 1977 labrum
1299 1931 1334 1982 20

214 2019 307 2064 mauu
322 2000 518 2079 deprimente.
553 1999 659 2060 ultimo
676 2001 763 2063 etiam
779 2001 811 2062 in
827 2001 957 2062 medium
973 2001 1118 2080 processit
1139 2008 1170 2061 ct
1191 2003 1281 2064 modo

213 2085 431 2149 harundinibus
457 2084 570 2164 quassis
593 2085 747 2146 choraulas
767 2085 901 2148 imitatus
924 2094 982 2160 333,
1005 2087 1094 2148 333313
1115 2087 1281 2148 lacernatus

215 2191 282 2236 eum
296 2171 408 2250 31333113
424 2171 590 2232 3331133333
605 2171 665 2232 iata
681 2171 749 2249 egit,
766 2169 861 2233 313333
875 2180 1011 2234 vocatum
1028 2173 1063 2234 ed
1080 2191 1114 2233 33
1128 2171 1281 2240 Habinnas

214 2257 347 2330 basiavit,
362 2256 577 2336 potionemque
592 2255 633 2317 illi
648 2256 780 2336 porrexit
794 2263 824 2318 et
839 2263 932 2319 ‘tanto
947 2257 1060 2320 melior'
1081 2257 1179 2338 inquit
1194 2256 1281 2320 ‘llas-

215 2361 256 2415 sa,
273 2344 351 2404 dono
366 2340 421 2403 tihi
437 2339 562 2420 3311333.1
1300 2359 1333 2408 25

301 2427 448 2489 33331133
463 2435 507 2494 333
522 2427 668 2488 malorum
685 2427 752 2487 linis
767 2426 882 2501 fuisset,
903 2427 961 2489 nisi
981 2428 1128 2508 epidipnis
1143 2437 1224 2490 33333
1238 2429 1282 2490 al-

214 2516 281 2590 1333,
302 2513 383 2575 turdi
398 2512 524 2591 311131331
539 2512 605 2574 3313
617 2512 712 2592 333313
733 2511 918 2593 3331333333
943 2514 1022 2576 farsi.
1056 2513 1190 2576 insecuta
1210 2523 1283 2576 sunt

215 2599 345 2679 Cydonia
361 2598 451 2660 etiam
466 2599 542 2660 mala
551 2597 645 2678 spinis
654 2599 778 2671 confixa,
794 2606 829 2660 ut
837 2598 959 2660 echinos
968 2599 1128 2662 3111333333.
1164 2599 1282 2662 3313333

215 2685 334 2765 quidem
355 2684 518 2746 tolerabilia
540 2692 641 2755 33333,
666 2684 691 2745 31
712 2702 774 2744 333
794 2684 952 2745 fericulum
972 2686 1059 2763 13333
1082 2685 1282 2746 monstrosius

215 2771 371 2843 3313313333,
387 2777 421 2830 33
435 2770 481 2830 331
495 2769 574 2830 ierne
589 2769 685 2847 perire
700 2769 867 2830 mallemus.
901 2787 970 2830 nam
983 2789 1051 2832 cum
1063 2771 1281 2850 333133333333,
1300 2789 1332 2839 33

215 2865 249 2918 33
263 2874 317 2916 333
332 2854 521 2935 putabamus,
541 2871 629 2916 anser
645 2853 732 2914 altilis
749 2853 885 2934 circaque
899 2855 995 2933 pisces
1011 2856 1156 2918 33333313
1172 2872 1281 2934 genera

215 2938 443 3010 3313333331
465 2939 563 3018 inquit
578 2937 756 3001 Trimalchio
777 2939 929 3020 ‘quicquid
951 2940 1057 3003 31313313
1076 2941 1123 3004 hic
1139 2941 1281 3020 positum,

215 3027 252 3088 de
267 3043 327 3087 333
344 3042 468 3104 3333333
484 3031 530 3086 333
545 3023 676 3085 factum!
709 3043 772 3104 333,
788 3024 900 3086 33111333
914 3023 1004 3087 homo
1020 3026 1280 3106 prudentissimus,

216 3111 316 3174 statim
331 3109 463 3172 intellexi
479 3109 549 3190 quid
566 3117 656 3181 33333,
676 3118 708 3170 33
721 3109 883 3189 respiciens
898 3112 1154 3190 Agamemnonem
1177 3112 1281 3173 ‘mira-

215 3195 277 3261 bor'
292 3195 415 3276 inquam
433 3196 499 3257 ‘nisi
515 3195 616 3256 omnia
632 3194 686 3256 ista
703 3195 740 3256 de
753 3195 823 3274 fimo
837 3199 912 3258 tacta
928 3205 1000 3258 3333
1014 3206 1067 3260 333
1081 3205 1160 3260 certe
1182 3199 1219 3260 de
1234 3199 1281 3258 lu·
1301 3221 1333 3270 35

215 3290 256 3343 to.
290 3281 348 3343 vidi
363 3281 476 3343 Romae
490 3280 695 3343 Saturnahhus
711 3279 859 3342 eiusmodi
871 3299 1011 3344 cenarum
1024 3283 1182 3360 imaginem
1199 3282 1282 3344 heri!

163 3361 203 3422 70
216 3368 343 3430 necdum
359 3366 492 3429 finieram
510 3385 691 3438 sermonem,
715 3384 781 3427 curn
797 3365 976 3428 Trimalchio
1000 3369 1055 3430 ait:
1079 3369 1128 3430 ‘ita
1148 3385 1282 3430 crescam

214 3453 405 3533 patrimonio,
421 3469 483 3513 non
498 3471 632 3533 corpore,
649 3459 684 3512 ut
697 3453 755 3514 ista
770 3465 860 3512 cocus
872 3470 956 3514 mweus
974 3452 1011 3515 de
1020 3471 1111 3532 porco
1127 3453 1204 3514 iecit.
1221 3471 1282 3514 333

215 3545 314 3618 333333
329 3557 395 3600 esse
409 3537 567 3618 pretiosior
587 3537 687 3600 homo.
722 3536 860 3608 33133313,
883 3537 920 3599 de
940 3538 1023 3600 33133
1048 3538 1137 3601 133133
1157 3538 1282 3620 piscem,

215 3791 218 3799 .
285 3754 296 3804 1
312 3755 435 3807 miscebat
447 3753 456 3822 11
470 3755 484 3805 2
497 3755 582 3806 lassus
594 3762 677 3806 tamen
693 3754 697 3821 1
714 3755 850 3820 (1331333311
863 3755 877 3804 3
895 3756 1005 3822 nunquid
1022 3751 1114 3806 didicit
1126 3753 1135 3820 11
1148 3757 1164 3805 4
1177 3754 1282 3807 audibit

228 3821 236 3890 11
251 3824 265 3873 5
279 3823 428 3888 desperatus
440 3823 451 3888 11
464 3824 478 3872 'l
492 3839 648 3875 nummorum
661 3821 670 3891 11
684 3825 715 3875 tt
734 3823 837 3887 siligine
850 3821 859 3890 11
873 3824 905 3874 28
923 3823 1075 3888 effingerent
1092 3823 1213 3874 1131333133
1226 3821 1235 3890 1
1248 3824 1280 3874 31

216 3891 326 3942 omnium
341 3890 349 3957 11
363 3893 395 3944 35
408 3891 509 3943 delectu
520 3896 543 3943 et
554 3894 582 3942 in
593 3895 714 3960 margine
725 3893 758 3944 ul.
771 3890 890 3944 delunota
