2864 4344
216 105 254 168 12
661 103 816 155 enraouu
841 97 845 106 ·

213 269 275 323 erat
290 269 393 342 operto
407 262 512 340 capite,
528 261 574 321 illa
590 260 699 322 scilicet
711 279 786 340 quae
797 261 884 339 paulo
896 265 964 320 ante
977 277 1044 320 cum
1058 261 1168 321 rustico
1179 266 1273 324 stete·
1286 275 1335 329 Lo

212 354 267 421 rat,
290 355 320 410 et
343 354 402 410 ‘me
421 345 568 409 derisisse'
589 345 686 427 inquit
708 352 769 407 ‘vos
790 343 962 426 putabatis?
992 363 1046 424 ego
1071 363 1138 406 sum
1165 347 1272 411 ancilla

211 434 379 508 Quartillae,
402 433 547 495 cuiusros
569 449 684 496 sacrum
701 437 769 493 ante
784 431 915 511 cryptam
934 429 1084 493 turbastis.
1121 449 1188 494 ecce
1207 431 1272 514 ipsa

211 521 292 581 venit
307 521 342 582 ad
358 519 507 582 stabulum
522 518 653 598 petitque
667 525 701 581 ut
715 517 866 579 vobiscum
878 517 958 596 loqui
972 515 1067 579 liccat.
1098 517 1189 580 nolite
1200 538 1272 598 pcr-

210 605 332 668 turbari.
363 623 418 667 nec
433 612 550 666 accusat
570 622 700 666 errorem
722 611 854 664 vestrum
869 620 926 664 nec
940 601 1036 682 punit,
1059 603 1150 665 immo
1171 604 1309 685 pouces

210 691 344 765 miratur,
368 691 433 773 quis
449 691 521 753 deus
535 689 657 752 iuvenes
672 697 734 751 tam
749 689 878 751 urbanos
894 688 926 748 in
941 707 1027 750 suam
1043 689 1192 766 regionem
1215 691 1270 752 de-

161 773 198 835 17
210 777 332 839 ualerit!
361 775 527 839 tacentibus
543 775 640 838 adhuc
654 775 738 837 nobis
754 778 784 836 et
799 775 834 836 ad
850 781 988 837 neutram
1002 781 1119 855 partem
1133 775 1270 838 adsensi·

211 880 300 925 onem
314 863 501 930 flectentibus
516 861 637 922 intravit
651 861 723 941 ipsa,
737 879 798 923 una
814 860 950 922 comitata
965 860 1086 941 virgine,
1101 861 1272 943 sedensque

210 967 299 1029 super
320 956 419 1011 torum
443 965 543 1010 meum
559 946 609 1008 diu
624 947 712 1008 flevit.
755 967 788 1010 aa
809 965 847 1009 ne
866 954 939 1008 tunc
960 945 1080 1026 quidem
1102 965 1155 1008 nos
1176 947 1270 1010 ullum

210 1034 371 1097 adiecimus
379 1033 512 1106 verbum,
527 1033 579 1094 sed
591 1032 708 1094 attoniti
720 1033 937 1114 expectavimus
945 1031 1122 1094 lacrimasad
1136 1040 1271 1096 ostenta·
1292 1047 1327 1102 10

209 1121 322 1182 tionem
335 1119 445 1182 doloris
457 1127 584 1200 paratas,
614 1127 649 1180 ut
661 1137 730 1198 ergo
742 1127 801 1180 tam
814 1116 989 1179 ambitiosus
1006 1116 1154 1180 detumuit
1165 1117 1270 1193 imber,

138 1225 147 1244 ·
209 1206 317 1267 retexit
331 1207 491 1286 superbum
505 1204 592 1285 pallio
608 1212 695 1284 caput
710 1211 740 1266 et
755 1203 892 1266 manibus
903 1205 983 1265 inter
996 1223 1028 1264 se
1043 1222 1138 1284 usque
1150 1204 1188 1265 ad
1198 1205 1270 1266 arti-

209 1291 342 1353 culorum
354 1291 510 1372 strepitum
522 1289 687 1351 constrictis
701 1295 854 1369 ‘quaenam
869 1289 923 1352 cst'
934 1289 1030 1368 inquit
1046 1289 1128 1351 ‘baec
1138 1291 1269 1365 audacia,

209 1384 260 1438 aut
274 1377 326 1438 ubi
341 1378 453 1439 fabulas
469 1376 557 1438 etiam
570 1381 754 1437 antecessura
766 1374 916 1437 latrocinia
929 1371 1095 1437 didicistis?
1123 1375 1271 1439 misereor

1417 177 1418 226 l

210 1462 322 1524 medius
338 1461 425 1524 lidius
440 1461 546 1536 vestri;
568 1479 666 1541 neque
689 1461 768 1522 enim
784 1462 905 1541 impunc
928 1461 1084 1540 quisquam
1107 1462 1186 1541 quod
1206 1481 1270 1524 non
1291 1485 1324 1536 15

149 1607 156 1619 ,
209 1548 298 1622 licuit,
315 1548 456 1629 adspexit.
487 1545 591 1626 utique
608 1554 710 1609 nostra
725 1547 807 1626 regio
823 1555 883 1609 tam
900 1545 1104 1627 praesentibus
1120 1546 1206 1626 plena
1222 1555 1270 1610 est

209 1632 391 1708 numinibus,
408 1641 443 1695 ut
456 1632 573 1694 lacibus
587 1633 682 1712 possis
699 1633 786 1694 deum
800 1650 888 1712 quam
900 1631 1052 1694 hominem
1063 1630 1203 1694 iuvenire.
1234 1653 1269 1696 ac

208 1737 247 1780 ue
262 1738 311 1781 me
331 1719 442 1800 putetis
464 1718 585 1781 ultiouis
607 1736 693 1779 causa
716 1719 774 1780 huc
794 1717 919 1790 venisse,
944 1723 1038 1779 aetate
1058 1718 1150 1798 magis
1171 1726 1268 1781 vestra

209 1823 397 1867 commoveor
411 1823 500 1885 quam
515 1804 621 1866 iniuria
637 1823 710 1866 mea.
740 1803 945 1884 imprudentes
957 1803 1044 1875 enim,
1061 1811 1094 1864 ut
1106 1803 1201 1866 adhuc
1211 1823 1270 1884 pu·

208 1899 248 1963 to,
265 1889 427 1952 admisistis
442 1888 618 1969 inexpiabile
632 1890 738 1951 scelus.
782 1889 845 1970 ipsa
862 1889 983 1971 quidem
997 1889 1044 1952 illa
1065 1893 1153 1950 nocte
1167 1899 1269 1952 vexata
1289 1907 1324 1958 2⁰

208 1983 269 2037 tam
284 1976 448 2056 periculoso
463 1974 598 2038 inhorrui
612 1974 730 2054 frigore,
746 1981 779 2038 ut
794 1976 939 2038 tertianae
958 1974 1047 2036 ctiam
1068 1975 1214 2054 impetum
1229 1976 1269 2038 ti·

209 2079 315 2124 meam.
347 2068 376 2122 et
389 2061 455 2124 ideo
470 2058 646 2122 medicinam
668 2058 784 2122 somnio
798 2060 871 2141 petii
885 2061 1026 2140 iussaque
1047 2079 1114 2122 sum
1131 2081 1183 2123 vos
1197 2079 1269 2142 per-

213 2145 329 2226 quirere
344 2155 432 2227 atque
446 2145 591 2226 impetum
607 2143 703 2208 morbi
718 2154 881 2209 monstrata
897 2143 1057 2210 subtilitate
1073 2145 1174 2208 lenire.
1215 2149 1268 2212 sed

211 2232 248 2293 de
263 2232 395 2294 remedio
417 2248 479 2293 non
499 2239 560 2292 tam
580 2231 664 2293 valde
679 2230 798 2307 laboro;
819 2230 913 2294 maior
934 2231 1065 2295 enimin
1086 2233 1267 2312 praecordiis

212 2317 296 2378 dolor
311 2317 412 2389 saevit,
428 2317 479 2398 qui
495 2335 544 2378 me
558 2335 652 2395 usque
673 2317 708 2379 ad
724 2316 929 2379 necessitatem
953 2317 1056 2379 mortis
1079 2317 1206 2390 deducit,
1228 2336 1268 2380 ne
1288 2331 1322 2383 25

212 2402 321 2464 scilicet
332 2403 456 2474 iuvenili
469 2400 590 2482 impulsi
604 2402 720 2466 licentia
744 2402 822 2484 quod
844 2403 876 2465 in
898 2403 1002 2465 sacello
1024 2402 1123 2484 Priapi
1147 2403 1267 2478 vidistis,

211 2488 335 2568 vulgetis
350 2490 535 2569 deorumque
552 2487 673 2550 consilia
696 2488 853 2568 proferatis
874 2487 906 2550 iu
929 2487 1080 2570 populum.
1120 2490 1267 2569 protendo

209 2573 298 2654 igitur
313 2573 349 2658 ad
364 2592 458 2656 genua
474 2582 569 2636 vestra
585 2574 707 2655 supinas
718 2591 825 2636 manus
836 2582 963 2657 petoque
975 2581 1005 2637 et
1020 2593 1081 2648 oro,
1094 2593 1132 2636 ne
1144 2582 1267 2638 noctur·

210 2679 262 2722 nas
278 2660 435 2740 religiones
450 2661 548 2722 iocum
564 2659 717 2741 risumque
731 2660 851 2735 faciatis,
867 2680 941 2722 neve
952 2660 1106 2722 traducere
1118 2658 1212 2721 velitis
1223 2667 1268 2722 tot

130 2761 133 2770 ’
209 2763 355 2808 annorum
372 2755 493 2817 secreta,
510 2763 585 2826 quae
600 2745 646 2805 vix
661 2744 740 2808 mille
754 2744 890 2806 homines
905 2745 1072 2808 noverunt!
1287 2761 1321 2811 30

160 2833 197 2894 18
294 2831 457 2893 secundum
473 2829 550 2892 banc
565 2828 803 2909 deprecationem
819 2829 952 2894 lacrimas
974 2849 1076 2893 rursus
1101 2830 1202 2893 elludit
1215 2849 1268 2910 ge·

209 2916 390 2998 mitibusquc
405 2915 492 2996 largis
508 2932 648 2978 concussa
670 2922 732 2977 tota
753 2915 827 2978 facie
849 2934 883 2977 ac
903 2925 1023 2996 pectore
1045 2925 1143 2980 torum
1166 2936 1268 2979 meum

209 3001 326 3083 pressit.
372 3019 425 3082 ego
441 3003 545 3064 codem
560 3009 697 3082 tempore
712 3009 742 3066 et
757 3001 954 3066 misericordia
975 3003 1109 3066 turbatus
1131 3011 1160 3066 et
1176 3011 1268 3077 metu,

209 3090 322 3151 bonum
338 3088 471 3149 animum
485 3087 594 3150 habere
610 3106 675 3148 eam
695 3086 767 3157 iussi
788 3093 818 3149 et
832 3085 868 3149 de
883 3096 1010 3169 utroque
1031 3107 1094 3151 essa
1118 3107 1269 3152 securam:

209 3190 277 3235 nam
294 3191 392 3258 neque
408 3192 489 3235 sacra
505 3191 686 3253 quemquam
705 3172 902 3252 vulgaturum,
926 3184 955 3237 et
969 3175 994 3236 si
1018 3175 1096 3254 quod
1117 3182 1268 3255 praeterea
1287 3193 1320 3244 35

210 3259 287 3321 aliud
302 3259 468 3322 remedium
491 3260 527 3321 ad
548 3259 708 3324 tertianam
727 3259 800 3320 daus
820 3259 862 3320 illi
883 3267 1088 3331 monstrasset,
1116 3261 1269 3325 adiuvatu-

210 3359 259 3407 ros
274 3363 329 3407 nos
344 3345 472 3407 divium
487 3343 703 3425 providentiam
716 3344 763 3405 vel
777 3343 908 3424 periculo
924 3353 1033 3409 nostro.
1066 3345 1188 3411 hilarior
1201 3355 1270 3428 post

210 3431 286 3493 hanc
300 3430 542 3511 pollicitationem
557 3431 632 3492 facta
648 3429 756 3492 mulier
770 3429 893 3490 basiavit
910 3449 959 3492 me
974 3430 1106 3511 spissius,
1129 3441 1161 3495 et
1174 3453 1210 3494 ex
1224 3435 1269 3497 la-

279 3600 290 3649 l
305 3597 493 3649 illa-steterat
503 3599 626 3664 tanqamm
637 3611 700 3664 cop,
713 3593 752 3658 to,
762 3593 905 3646 temate-ae
923 3573 985 3646 atita
995 3593 1122 3646 ducebatur
1130 3594 1271 3650 meabat

221 3663 369 3732 ll3sacram
383 3665 403 3718 0
415 3664 424 3734 ll
437 3668 546 3716 tautam
557 3666 637 3718 adbuc
649 3664 688 3716 val
705 3665 884 3744 adherentem
904 3610 966 3714 bort
981 3663 1093 3730 αἱίῳιοιΙ
1113 3662 1271 3716 adsentatio·

209 3747 265 3784 uem
277 3732 286 3801 ll
302 3734 333 3786 tc
345 3733 515 3800 spectavimus
528 3733 669 3786 Sumturus
682 3731 691 3802 ll
707 3735 735 3786 11
751 3734 865 3784 mtonurt
877 3729 886 3797 ΙΙ
899 3733 933 3782 20
945 3747 1015 3784 curra
1031 3735 1078 3782 aaut
1095 3731 1230 3785 insomniis
1242 3749 1271 3785 a·

209 3804 317 3922 ἷῃὺηῖζη
326 3808 389 3923 ριὸιο
397 3807 457 3855 mata
468 3809 562 3856 vexata
574 3800 583 3870 ll
596 3803 629 3854 22
641 3817 727 3854 samaa
741 3800 750 3868 ΙΙ
763 3800 955 3852 lbsalubritata
967 3800 1087 3852 nonem
1099 3798 1109 3866 ΙΙ
1122 3800 1271 3867 lbimpulsn

221 3886 278 3922 reae
293 3886 342 3922 ram
