2838 4348
723 128 874 183 SENECAE

413 285 471 347 iam
488 286 622 347 medium
638 303 726 347 curru
742 285 880 348 Phoebus
897 285 1036 347 diviserat
1051 285 1156 346 orbem

414 381 444 432 ιι
459 371 581 450 propior
596 371 676 433 nocti
691 375 782 432 fessas
799 370 948 451 quatiebat
963 369 1092 432 habenas

414 455 534 536 obliquo
549 457 654 518 flexam
671 457 822 518 deducens
837 456 957 518 tramite
972 457 1084 517 lucem:

230 541 248 602 3
272 541 412 602 Claudius
439 542 567 603 animam
595 559 681 619 agere
707 543 806 622 coepit
827 559 884 603 nec
909 540 1044 603 invenbe
1070 539 1184 602 exitum
1211 549 1335 620 poterat.
1399 553 1400 620 l

270 636 336 689 tum
350 626 523 698 Mercurius
540 627 591 707 qui
607 646 726 706 semper
740 627 861 706 ingenio
877 627 941 688 eius
958 628 1121 688 delectatus
1138 635 1227 698 esset,
1248 643 1336 688 unam
1370 648 1382 695 a
1399 691 1400 694 ,

272 733 288 772 e
303 711 398 774 tribus
413 712 514 774 Parcis
530 713 645 774 seducit
660 722 689 774 et
703 713 758 774 ait:
776 712 867 792 ‘quid
883 713 995 774 femina
1011 711 1224 780 crudelissima,
1239 711 1336 773 homi·

270 815 341 858 nem
357 797 501 860 miserum
517 798 650 877 torqueri
667 795 797 877 pateris?
823 815 1026 877 necunquam
1041 805 1102 858 tam
1121 795 1174 858 diu
1191 797 1335 858 eruciatus

272 880 371 944 exiet?
386 902 484 946 annus
499 884 699 961 sexagesimus
715 893 839 963 quartus
855 891 911 954 est,
927 901 1037 962 exque
1053 901 1120 944 eum
1135 880 1234 942 anima
1245 883 1336 944 lucta-

271 977 328 1030 tur.
352 969 422 1047 quid
438 969 508 1030 huic
523 977 552 1031 et
566 970 610 1030 rei
625 969 759 1048 publicae
774 965 912 1030 invides?
927 977 1028 1048 patere
1044 967 1269 1030 mathematicos
1285 969 1336 1029 ali·

271 1055 388 1133 quando
405 1072 509 1115 verum
526 1054 633 1128 dicere,
648 1074 698 1134 qur
692 1054 807 1128 illum,
823 1074 860 1116 ex
875 1073 935 1133 quo
949 1053 1088 1133 princeps
1098 1053 1195 1116 factus
1205 1062 1259 1126 est,
1276 1073 1339 1115 om·
1357 1069 1383 1118 ιι

271 1139 361 1213 nibus
376 1139 473 1211 annis,
490 1139 628 1204 omnibus
643 1139 798 1202 mensibus
816 1140 954 1202 efferunt.
978 1146 1008 1200 ιι
1024 1145 1127 1201 tamen
1143 1154 1205 1198 non
1222 1147 1268 1200 est
1280 1140 1335 1200 mi·

269 1243 338 1286 rum
354 1223 378 1286 si
394 1234 494 1286 errant
514 1226 663 1287 ethoram
685 1226 747 1287 eius
763 1239 852 1287 nemo
868 1225 965 1297 novit3
990 1241 1080 1286 nemo
1102 1225 1185 1286 enim
1206 1242 1335 1304 unquam

270 1311 354 1372 illum
370 1317 474 1372 natum
489 1311 612 1408 putavit.
637 1312 682 1372 lac
697 1312 777 1389 quod
792 1311 959 1373 faciendum
975 1317 1035 1372 est:

414 1395 509 1457 “dede
525 1395 600 1468 neci,
617 1396 720 1458 melior
735 1415 827 1457 vacua
841 1396 908 1458 sine
923 1403 1028 1474 regnet
1042 1395 1074 1457 in
1090 1394 1183 1457 aula.”
1400 1427 1401 1470 ι

271 1482 322 1542 ιιι
339 1481 475 1543 Clotho‘
478 1500 532 1560 ego
548 1481 741 1543 mehercules
768 1482 866 1579 inquit
887 1481 1037 1560 pusillum
1059 1483 1205 1560 temporis
1225 1481 1338 1542 adicere
1358 1493 1381 1542 ιι

270 1567 313 1628 illi
326 1566 469 1638 volebam,
491 1568 562 1628 dum
578 1567 633 1628 hos
648 1568 798 1646 pauculos,
817 1567 868 1646 qui
883 1575 1055 1646 supersunt,
1071 1566 1189 1628 civitate
1205 1566 1336 1628 donaret'

269 1687 312 1696 —-
328 1652 521 1715 constituerat
536 1653 616 1714 enim
633 1670 739 1714 omnes
754 1653 889 1725 Graecos,
912 1652 1019 1717 Gallos
1039 1652 1201 1731 Hispanos,
1223 1651 1336 1714 Britan-

270 1755 327 1798 nos
343 1745 457 1816 togatos
473 1738 626 1799 videre—
648 1737 709 1800 ‘sed
725 1738 866 1816 quoniam
881 1738 976 1817 placet
991 1737 1104 1834 aliqpoq
1119 1738 1294 1817 peregrinos
1309 1738 1338 1798 in

271 1841 374 1884 semen
388 1823 517 1904 relinqui
533 1834 562 1884 ιι
578 1832 610 1890 tu
632 1823 671 1884 ita
643 1823 777 1885 tiubes
792 1824 867 1894 lieri,
887 1822 956 1885 fiat'.
986 1822 1081 1902 aperit
1102 1832 1168 1884 tum
1190 1823 1337 1902 capsulam

272 1914 301 1970 et
315 1917 376 1970 tres
391 1909 473 1972 lusos
488 1908 616 1988 profert:
645 1926 724 1970 unus
744 1918 809 1970 erat
827 1908 981 1987 Augurini,
1007 1909 1082 1970 alter
1102 1908 1208 1982 Babae,
1236 1907 1338 1970 tertius
1355 1915 1381 1964 ιι

272 1994 393 2056 Claudii.
418 1994 491 2056 ‘hos'
506 1995 605 2074 inquit
621 1999 691 2055 ‘tres
704 2013 765 2055 uno
778 2011 858 2055 anno
871 1993 982 2072 exiguis
994 1993 1156 2056 intervallis
1168 2001 1337 2073 temporum

272 2079 380 2140 divisos
396 2097 472 2140 mom
465 2079 603 2176 iubebo,
619 2096 675 2140 nec
686 2079 768 2140 illum
782 2078 989 2141 incomitatum
1001 2078 1158 2140 dimittam.
1174 2097 1239 2140 non
1252 2097 1336 2158 opor·

270 2173 314 2226 tet
329 2164 409 2228 enim
425 2183 504 2235 eum,
532 2183 581 2244 qur
574 2164 687 2225 modo
703 2184 735 2226 se
755 2172 799 2225 tot
814 2164 893 2226 milia
913 2164 1069 2226 hominum
1085 2165 1245 2244 sequentia
1260 2163 1336 2224 vide·
1401 2187 1402 2250 t

271 2250 330 2321 bat,
342 2258 387 2312 tot
397 2250 614 2330 praecedentia
630 2258 674 2312 tot
686 2250 874 2322 circumfusa
889 2249 989 2312 subito
1004 2233 1100 2312 solum
1113 2250 1247 2313 destitui.
1269 2267 1336 2312 con·

271 2343 372 2398 ιιιιιιιι
389 2337 446 2398 erit
461 2335 507 2396 his
523 2336 644 2398 interim
661 2334 900 2397 convictoribus.
1354 2355 1380 2403 ιι

414 2423 487 2484 haec
502 2421 542 2481 ait
557 2430 587 2482 et
601 2421 681 2500 turpi
699 2421 922 2482 convolvenst
894 2440 908 2481 s
909 2421 1022 2482 tamina
1038 2420 1105 2481 suso

414 2506 531 2586 abrupit
546 2507 671 2567 stolidae
686 2507 793 2585 regalia
809 2513 945 2587 tempora
962 2507 1048 2568 vitae.

414 2602 446 2652 at
460 2592 599 2654 Lachesis
614 2592 752 2653 redimita
767 2611 877 2666 comas,
893 2600 995 2652 ornata
1011 2591 1140 2670 capillos,

414 2677 510 2739 Pieria
526 2678 639 2738 crinem
654 2678 737 2738 lauro
754 2678 946 2756 frontemque
962 2695 1107 2738 coronans

415 2762 540 2824 candida
555 2762 592 2822 de
607 2763 693 2822 niveo
708 2763 877 2824 subtemina
894 2763 998 2824 vellere
1014 2761 1107 2823 sumit

415 2847 491 2909 felici
508 2848 688 2919 moderanda
705 2853 806 2918 manu,
822 2866 897 2928 quae
910 2849 1000 2909 ducta
1016 2847 1147 2908 colorem

416 2951 605 3011 assumpsere
620 2952 741 2994 novum.
766 2934 912 2994 mirantur
927 2952 1019 3013 pensa
1034 2950 1169 2994 sorores:

416 3024 550 3080 mutatur
564 3018 629 3080 vilis
644 3019 775 3098 pretioso
791 3020 858 3081 lana
875 3019 1002 3090 metallo,

311 3153 313 3160 ,
416 3122 504 3165 aurea
521 3104 653 3164 formoso
669 3105 857 3166 descendunt
872 3105 988 3166 saecula
1002 3104 1062 3164 [ilo.

417 3208 473 3252 nec
488 3189 595 3252 modus
612 3198 658 3250 est
674 3189 742 3266 illis,
757 3190 853 3252 felicia
869 3189 975 3252 vellera
990 3190 1105 3250 ducunt
1357 3203 1378 3252 ιι

417 3283 448 3338 ιι
462 3275 590 3353 gaudent
606 3275 731 3354 implere
747 3289 864 3350 manus,
880 3283 951 3338 suut
966 3274 1063 3336 dulcia
1080 3270 1194 3352 pensa?

418 3369 525 3439 sponte
541 3379 594 3422 sua
609 3361 729 3422 festinat
744 3379 820 3439 opus
836 3360 977 3440 nulloque
992 3360 1091 3422 labore

418 3444 517 3508 mollia
534 3453 670 3506 contorto
686 3446 875 3508 descendunt
887 3445 1015 3508 stamina
1028 3445 1108 3506 luso.

417 3531 541 3592 vincunt
555 3530 686 3602 Tithoni,
702 3531 825 3593 vincunt
837 3542 866 3593 et
877 3530 1010 3593 Nestoris
1023 3548 1127 3591 annos.

418 3615 559 3678 Phoebus
574 3616 657 3678 adest
672 3625 820 3696 cantuque
839 3618 921 3680 iuvat
936 3617 1102 3696 gaudetque
1116 3615 1230 3677 futuris
1359 3633 1381 3680 ιι

420 3710 451 3762 ιι
465 3703 558 3763 laetus
574 3719 655 3763 nunc
670 3703 780 3782 plectra
796 3712 906 3776 movet,
922 3720 1004 3764 nunc
1017 3720 1109 3782 pensa
1124 3700 1289 3764 ministrat.

346 3883 359 3932 l
375 3886 502 3937 cruciatus
515 3894 584 3937 esset
597 3885 606 3954 ΙΙ
620 3886 651 3938 22
666 3901 696 3937 ne
710 3887 749 3940 W
747 3887 827 3940 ablica
839 3885 851 3954 {l
864 3885 896 3937 28
910 3887 1129 3953 comessortasae
1142 3885 1210 3936 vitta
1223 3901 1303 3936 canos
