2860 4340
599 145 742 200 suttune

255 307 384 374 ,ferrum
399 301 494 378 timisi,
510 297 590 384 quod
604 303 720 384 trepido
737 301 819 366 malc‘
827 302 915 366 dabat
931 321 1028 366 usum.

267 390 394 451 neniam
411 397 557 470 poteram,
572 389 651 470 quod
667 389 755 452 modo
771 389 916 452 conficere
932 384 1056 464 libellam

267 495 396 554 namque
410 476 458 537 illa
474 483 557 537 metu
571 474 706 554 frigidior
720 476 834 556 rigente
849 473 955 538 bruma

267 562 442 642 confugerat
456 561 489 622 in
504 561 617 623 viscera
632 561 712 624 mille
726 570 829 642 operta
844 562 935 641 rugis,

265 647 307 709 ita
323 665 385 709 non
400 646 485 727 potui
499 647 644 727 supplicio
660 656 748 728 caput
763 648 886 728 aperire,

265 733 319 794 sed
334 734 490 802 furciferae
506 733 660 795 mortifero
677 733 786 796 timore
800 735 885 796 lusus

267 819 304 882 ad
320 819 525 898 verha‚‘magis
541 839 618 900 quae
632 826 772 899 poterant
787 838 905 890 nocere,
921 815 991 900 fugi.

221 912 340 966 erectus
367 903 457 983 igitur
477 904 509 966 in
530 904 664 967 cubitum
678 905 734 966 hac
754 906 815 968 fere
837 905 972 968 oratioue
993 912 1200 968 contumacem

132 991 254 1054 vexavi:
277 990 358 1071 ‘quid
382 989 462 1067 diois’
478 990 601 1070 iuquam
618 991 763 1054 ‘omniurn
778 992 936 1055 homiuum
948 992 1132 1070 deorumque
1144 1009 1201 1071 pu·
1282 1061 1285 1070 g

86 1093 116 1144 ιι
133 1073 215 1140 dor?
247 1095 318 1138 nam
334 1095 373 1137 ne
388 1076 542 1138 nominare
558 1076 678 1157 quidem
695 1084 725 1137 te
740 1077 819 1140 inter
833 1095 881 1140 res
897 1078 1016 1139 seriasf
1002 1081 1045 1138 fas
1061 1085 1113 1138 est
1144 1076 1201 1136 hoc

95 1175 115 1228 t
132 1165 170 1224 de
185 1171 218 1224 te
235 1181 339 1234 merui
354 1169 388 1222 ut
403 1181 451 1223 me
466 1162 498 1223 in
519 1164 600 1225 caelo
623 1161 753 1242 positum
776 1165 812 1224 ad
833 1163 947 1226 inferos
966 1159 1123 1226 traheres?
1142 1158 1146 1243 Ι
1167 1168 1201 1224 ιιι

131 1251 306 1311 traduceres
332 1267 426 1309 annos
448 1247 545 1344 primo
566 1247 707 1309 florentes
734 1248 833 1326 vigore
859 1257 1066 1330 senectaeque
1080 1248 1201 1314 ultimae

132 1335 209 1396 mihi
223 1333 307 1394 fassit
308 1333 453 1394 udinem
445 1329 640 1430 imponeres?
666 1352 737 1412 rogo
749 1342 790 1407 te,
806 1334 880 1396 mihi
893 1335 1030 1416 apodixin
1042 1336 1201 1396 defuncto-

132 1421 210 1483 riam
226 1418 339 1481 redde.
366 1419 440 1480 haec
449 1427 485 1482 ut
495 1419 589 1482 iratus
601 1419 701 1494 effudi,

56 1514 92 1566 to
103 1519 128 1569 15
261 1505 318 1566 ‘illa
333 1505 396 1565 solo
412 1505 487 1568 fixos
503 1505 604 1568 oculos
620 1523 688 1566 aver
690 1524 722 1566 sa
736 1507 866 1580 tenebat,
915 1573 918 1582 ,

268 1609 325 1652 nec
338 1590 430 1670 magis
445 1591 564 1671 incepto
580 1592 696 1654 vultum
706 1610 846 1654 sermone
858 1600 995 1654 movetur

268 1695 356 1757 quam
373 1677 470 1738 lentae
485 1677 588 1738 salices
603 1677 717 1739 lassove
732 1696 877 1758 papavera
892 1677 986 1740 collo?

224 1781 282 1824 nec
297 1762 396 1823 minus
412 1781 465 1842 ego
480 1771 543 1824 tam
557 1763 643 1824 foeda
658 1763 863 1842 obiurgatione
876 1763 966 1830 ,finita
986 1761 1199 1844 poeniteutiam

137 1867 224 1928 agere
241 1847 390 1908 sermonis
406 1848 465 1908 mei
481 1847 563 1928 coepi
579 1856 752 1930 secretoque
767 1845 876 1910 rubore
888 1849 1036 1930 perfundi,
1052 1850 1132 1930 quod
1148 1849 1202 1910 oh·

88 1949 120 2000 20
138 1937 211 1996 litus
226 1933 419 1996 verecundiae
435 1951 517 1994 meae
532 1953 600 1995 oum
616 1952 649 1996 ea
665 1942 749 2014 parte
764 1935 894 2016 corporis
909 1935 999 1998 verba
1014 1935 1202 2008 contulerim,

140 2039 230 2101 quam
245 2039 285 2081 ne
300 2019 336 2080 ad
352 2019 451 2098 cognit
452 2019 552 2081 ionem
568 2020 688 2100 quidem
704 2021 861 2083 admittere
877 2021 1032 2084 severioris
1044 2030 1132 2102 uotae
1146 2023 1202 2082 ho-

138 2106 236 2169 mines
251 2105 391 2167 solerent.
423 2124 492 2166 mox
507 2105 665 2186 perfricata
635 2105 791 2168 tdiutius
807 2107 906 2168 fronte
928 2107 1009 2188 ‘quid
1025 2097 1126 2171 autem
1141 2103 1204 2186 ego'

138 2194 263 2272 iuquam
281 2190 360 2251 ‘mali
375 2191 440 2261 leci,
456 2187 660 2254 sidolorem
629 2211 729 2257 meum
743 2189 867 2254 naturali
879 2193 1011 2256 convicio
1024 2189 1204 2256 exoneravi?

139 2287 192 2341 aut
207 2277 280 2358 quid
296 2285 341 2337 est
357 2276 459 2373 quod'
450 2295 483 2336 ιιι
498 2287 624 2374 corpore
635 2279 766 2340 humano
779 2278 875 2340 ventri
887 2279 1060 2342 maledicere
1072 2281 1204 2342 solemus

92 2375 123 2425 ιι
141 2372 192 2427 aut
207 2363 293 2444 gulae
309 2361 457 2442 capitique
474 2363 573 2436 etiarn
600 2383 668 2439 cum
694 2364 812 2444 saepius
838 2361 941 2426 dolet?
905 2362 1062 2447 tquid⁹
1088 2383 1149 2428 non
1175 2371 1206 2424 et

102 2460 123 2512 L
139 2449 240 2518 Vlixes
256 2466 324 2508 cum
339 2448 427 2508 corde
438 2446 531 2527 litigat
543 2467 607 2522 suo,
628 2441 633 2531 Ι
653 2451 813 2530 etquidem
828 2449 929 2528 tragici
944 2453 1045 2513 oculos
1055 2469 1126 2512 suos
1137 2457 1206 2512 tan-

139 2555 233 2617 quam
249 2531 403 2597 audientes
419 2531 585 2612 castigant?
612 2535 760 2614 podagrici
786 2535 911 2615 pedibus
934 2536 995 2597 suis
1016 2533 1205 2608 maledicunt,

139 2619 297 2700 chiragrici
311 2618 459 2694 manibus,
475 2619 545 2700 lippi
558 2619 662 2692 oculis,
679 2629 708 2681 et
720 2639 772 2700 qur
763 2619 972 2683 offenderunt
990 2641 1077 2703 saepe
1089 2621 1206 2702 digitos,

140 2705 285 2790 quicquid
300 2704 410 2766 doloris
423 2705 566 2778 habent‘
558 2725 590 2766 ιιι
605 2707 695 2786 pedes
711 2706 862 2768 deferunt:

55 2807 131 2860 roeo
241 2788 246 2875 Ι
266 2789 337 2870 quid
352 2809 400 2851 me
416 2793 576 2860 constricta
593 2789 732 2871 spectatis
748 2793 847 2854 fronte
863 2791 987 2856 Catones
1056 2833 1057 2840 ι

310 2877 519 2975 damnatisque
533 2897 626 2940 novae
638 2878 833 2958 simplicitatis
850 2873 951 2958 opus?
1086 2871 1087 2878 '

268 2961 415 3024 sermonis
430 2963 498 3043 puri
511 2982 576 3024 non
590 2963 681 3026 tristis
696 2965 788 3044 gratia
799 2965 886 3038 ridet,

310 3049 448 3146 quodque
463 3048 532 3111 facit
546 3049 682 3130 populus,
699 3051 822 3113 candida
834 3048 935 3130 lingua
950 3069 983 3112 re
984 3049 1056 3125 feru

22 3209 23 3216 ι
268 3152 337 3196 uam
353 3135 419 3231 quis
434 3136 622 3206 concubitus,
638 3135 760 3198 Veneris
775 3137 842 3217 quis
857 3135 960 3215 gaudia
975 3133 1093 3200 nescit?

96 3240 127 3295 35
311 3220 377 3300 quis
393 3221 492 3281 vetat
484 3239 516 3282 ιιι
531 3221 631 3308 tepido
647 3223 781 3284 membra
797 3223 892 3286 calere
906 3219 998 3308 toro?

268 3304 333 3386 ipse
347 3313 432 3403 pater
446 3307 508 3368 veri
524 3303 626 3368 doctos
641 3303 789 3388 Epicurus
803 3326 903 3382 amare

311 3391 397 3452 iussit
413 3401 442 3454 et
457 3393 513 3454 hoc
527 3391 617 3501 vitam
631 3389 706 3456 dixit
721 3392 830 3456 habere
846 3377 945 3466 celon²

670 3499 689 3536 l?

96 3577 116 3631 1,
232 3563 237 3648 Ι
256 3565 339 3628 ‘nihil
354 3577 400 3629 est
414 3563 594 3631 hominum
586 3576 685 3650 inepta
699 3567 895 3650 persuasione
907 3559 1009 3632 falsius
1020 3586 1077 3631 nec
1088 3568 1153 3633 licta
1164 3587 1213 3631 se·

148 3651 273 3714 veritate
288 3653 438 3732 ineptius
899 3683 906 3696 .

220 3795 232 3844 1
244 3791 351 3842 tremuit
360 3790 421 3843 liber·
432 3809 449 3842 a
461 3783 590 3859 ιιιαιιισιι
601 3738 813 3846 concamaratae
826 3791 836 3861 ΙΙ
848 3794 1027 3847 lfoutemom
1040 3791 1062 3844 L
1073 3792 1082 3862 Ι
1096 3793 1128 3845 30
1141 3809 1212 3861 spec·

149 3860 213 3911 tetis
231 3860 369 3920 constricta
386 3861 448 3912 libri
462 3861 574 3928 plerique
586 3860 595 3928 ΙΙ
608 3863 640 3913 35
656 3860 749 3930 potatu
763 3862 897 3914 dedoctus
914 3863 1038 3929 Epicurus
1057 3864 1083 3914 in
1101 3869 1158 3916 arte
1174 3863 1213 3914 cel

149 3943 209 3980 arce
222 3925 231 3994 ΙΙ
245 3927 277 3978 3Ἷ
289 3929 355 3979 hanc
366 3930 446 3980 vitam
457 3934 483 3980 ot
495 3931 555 3982 deos
567 3930 627 3982 liert
632 3931 745 4000 ploretque

189 4013 287 4056 Petronii
300 4014 378 4056 estune
398 4012 431 4058 ed.
445 4012 465 4058 ll
1002 4019 1016 4072 1
