2838 4348
224 129 287 193 226
617 127 619 132 '
677 127 833 180 SENECAE

222 301 291 344 rum
315 291 396 346 tanta
418 280 513 356 turba,
540 289 642 344 tantus
665 290 833 356 concentus,
862 289 894 343 ut
915 282 1001 343 etiam
1025 281 1166 345 Claudius
1187 281 1294 344 audire

222 377 334 448 posset.
358 387 463 431 omnes
479 369 557 442 laeti,
573 368 697 430 hilares:
719 369 846 450 populus
861 369 1014 430 Romanus
1036 367 1207 430 ambulabat
1221 375 1293 428 tan·

220 473 310 534 quam
325 454 407 516 liber.
441 454 556 532 Agatho
578 460 606 514 et
626 453 711 534 pauci
734 453 871 516 causidici
890 452 1055 534 plorabant,
1082 455 1135 515 sed
1150 453 1240 534 plane
1255 471 1295 514 ex

220 539 331 602 animo.
355 539 557 602 iurisconsulti
572 557 587 600 e
602 540 735 602 tenebris
747 539 954 620 procedebant,
968 540 1078 619 pallidi,
1094 540 1229 619 graciles,
1246 539 1297 600 vix

220 624 348 686 animam
364 625 518 700 babentes,
545 634 687 705 tanquam
703 626 754 706 qui
775 633 840 688 tum
855 625 984 688 inarime
999 625 1222 688 reviviscerent.
1258 643 1294 685 ex
1331 638 1345 687 5

219 710 266 780 his
282 729 359 772 unus
375 727 444 773 curn
460 711 580 773 vidisset
595 712 688 790 capita
700 713 887 774 conferentes
909 720 939 772 et
953 711 1088 774 fortunas
1103 730 1173 773 suas
1185 712 1293 791 deplo-

221 804 322 858 rantes
338 797 510 868 causidicos,
536 797 650 859 accedit
669 804 700 858 et
714 797 768 859 ait:
796 796 939 859 ‘dicebam
961 797 1058 859 vobis:
1085 815 1147 860 non
1170 813 1295 876 semper

223 881 388 944 Saturnalia
405 883 510 945 erunt’.
545 882 683 945 Claudius
698 891 732 944 ut
753 882 826 944 vidit
847 884 938 945 lunus
961 900 1058 958 suum,
1086 882 1235 944 intellexit
1258 899 1293 942 se

222 975 372 1029 manuum
389 987 463 1030 esse.
487 968 601 1047 ingenti
617 968 696 1030 euim
712 964 844 1051 μεγάλῳ
859 966 980 1052 χορικῷ
994 968 1101 1032 naenia
1116 967 1295 1031 cantabatur

223 1053 402 1133 anapaestis:
1317 1061 1346 1115 tt

426 1137 550 1200 ‘fundite
565 1138 662 1212 batus,
678 1139 756 1200 edite
771 1139 915 1219 planctus,

436 1231 557 1286 resonet
571 1224 652 1286 tristi
667 1225 795 1286 clamore
810 1225 924 1286 forum:
1019 1243 1020 1246 ¹

436 1309 541 1371 cecidit
556 1309 679 1388 pulchre
693 1311 831 1372 cordatus
847 1311 947 1384 bomo,

438 1413 496 1476 quo
513 1399 576 1456 non
592 1395 666 1457 alius
682 1395 738 1458 luit
753 1394 784 1456 in
798 1404 862 1458 toto

437 1480 545 1542 fortior
560 1481 642 1542 orbe.

437 1566 488 1657 ille
501 1566 591 1628 citato
607 1566 725 1628 vincere
739 1583 832 1629 cursu

438 1659 556 1732 poterat
572 1653 693 1723 celeres,
708 1651 757 1712 ille
772 1651 896 1714 rebelles

366 1752 379 1766 ·
437 1737 564 1800 fundere
579 1737 704 1799 Parthos
720 1737 893 1816 levibusque
906 1735 992 1816 sequi

438 1821 559 1884 Persida
574 1822 651 1896 telis,
667 1831 806 1904 certaque
821 1839 913 1884 mauu
936 1891 940 1900 Ι

437 1909 562 1970 tendere
579 1926 714 1982 nervum,
731 1908 783 1988 qui
799 1907 974 1990 praecipites

439 1995 562 2055 vulnere
578 2012 668 2074 parvo
685 1994 785 2074 figeret
801 1995 912 2066 hostes,

440 2079 575 2159 pictaque
591 2079 669 2138 Medi
685 2089 766 2158 terga
781 2079 903 2157 nugacis.

439 2165 488 2225 ille
503 2165 662 2226 Britannos
678 2166 755 2225 ultra
772 2164 834 2224 noti

441 2250 527 2312 litora
543 2249 627 2329 ponti
732 2249 735 2256 '

439 2343 469 2397 et
485 2336 634 2397 caeruleos
650 2342 734 2396 scuta
749 2333 902 2413 Brigantas

440 2420 508 2483 dare
524 2420 675 2482 Romuleis
691 2421 763 2482 oolla
779 2420 891 2482 catenis

440 2507 527 2569 iussit
543 2514 573 2568 ct
587 2506 686 2588 ipsum
702 2525 778 2567 nova
794 2505 945 2569 Romanae

440 2592 504 2654 iura
520 2592 632 2654 securis
648 2599 778 2653 tremere
794 2590 955 2654 Oceanum.

438 2679 545 2741 delleta
559 2678 666 2751 virum,
683 2697 743 2758 quo
759 2694 821 2738 non
837 2677 912 2740 alius

438 2764 536 2844 potuit
551 2764 637 2826 citius
652 2763 766 2825 discere
781 2780 894 2841 causas,

440 2868 498 2911 una
513 2857 630 2910 tautum
646 2856 730 2929 parte
746 2847 853 2919 audita,

438 2953 528 3015 saepe
542 2943 568 2996 et
579 2942 694 2996 neutra.
719 2933 785 3013 quis
800 2951 882 2994 nunc
896 2932 985 2996 iudex

440 3029 504 3082 toto
519 3019 587 3082 lites
604 3019 706 3081 audiet
721 3015 823 3080 anno?

439 3105 494 3169 tibi
509 3105 568 3167 iam
586 3105 672 3167 cedet
687 3105 758 3168 scdc
772 3103 881 3176 relicta,

439 3190 490 3272 qui
506 3191 556 3252 dat
570 3190 680 3271 populo
695 3191 762 3251 iura
777 3189 885 3261 silenti,

441 3275 564 3338 Cretaea
579 3284 687 3337 tenens
704 3275 809 3355 oppida
825 3282 956 3336 centum

441 3362 553 3424 caedite
569 3361 689 3424 maestis
704 3368 823 3440 pectora
835 3359 951 3440 palmis,

441 3467 459 3508 o
475 3447 624 3522 causidici,
641 3448 744 3508 venale
760 3465 864 3526 genus.

441 3551 553 3614 vosque
569 3539 675 3612 poetae
690 3533 787 3612 lugete
803 3531 881 3600 novi,

441 3637 552 3699 vosque
569 3618 717 3698 inprimis
733 3617 785 3698 qui
799 3634 943 3680 concusso
1081 3637 1114 3688 30

441 3723 547 3783 magna
564 3703 687 3784 parastis
699 3705 781 3765 lucra
797 3702 907 3764 fritillo.

228 3823 439 3834 Q..

278 3887 293 3944 t
307 3902 361 3940 cum
371 3885 442 3956 alitll
456 3887 608 3941 tliuciueuta
618 3890 718 3955 unuaoi,
730 3886 914 3959 μεγαληγορίᾳ
923 3879 1016 3936 duratur
1028 3878 1038 3952 ss
1052 3879 1083 3934 15
1091 3882 1154 3950 puto
1164 3879 1236 3936 victa
