2868 4348
224 161 265 222 52
678 159 834 218 rnrltortrl

222 313 322 394 itaque
336 333 391 396 ego
407 323 441 378 ut
454 311 644 396 experrectus
658 317 835 397 pertractavi
849 317 956 396 gaudio
969 317 1166 399 despoliatum
1182 324 1285 381 torum
1303 334 1325 387 L

117 559 119 566 ¹
221 492 249 554 si
263 509 322 572 qua
337 499 382 554 est
397 491 564 556 amantibus
579 493 664 573 fidos,
679 511 733 573 ego
748 493 888 567 dubitavi,
903 513 942 556 arr
954 501 1115 575 utrumque
1127 496 1282 560 traicerem
1339 542 1349 558 .

219 577 317 657 gladio
331 596 531 659 somnumque
546 579 635 642 morti
658 579 821 658 iungerent.
865 581 960 644 tutius
975 581 1044 644 dein
1067 590 1186 646 secutus
1212 601 1282 646 oon·

221 665 320 726 silium
336 665 443 728 Gitona
459 664 580 746 qnidam
596 664 770 730 verberibus
784 665 917 740 excitari,
939 667 1078 746 Ascylton
1092 675 1193 730 autem
1207 669 1283 732 truci

219 749 341 812 intuens
357 752 439 813 vultu
455 750 614 832 ‘quoniam'
629 750 753 831 inquam
775 750 874 814 ‘tidem
895 753 1005 815 scelere
1024 752 1137 818 violasti
1157 760 1186 814 et
1200 772 1284 818 com-
1302 767 1316 816 5

221 854 346 898 munem
361 836 530 908 amicitiam,
553 855 601 900 res
620 843 686 900 tuas
710 837 792 900 ocitrs
813 839 882 900 tolle
904 838 1038 900 erarium
1060 839 1169 910 locum,
1195 857 1283 918 quam

221 922 347 1002 polluas,
363 924 491 1002 quaere!
524 940 587 984 non
601 924 777 1003 repugnavit
791 922 849 995 illo,
866 924 918 986 sed
930 931 1088 1004 postquam
1101 925 1213 1005 optima
1225 925 1283 989 fide

220 1008 321 1088 partiti
341 1008 494 1070 manubias
515 1026 631 1080 sumus,
654 1008 725 1088 ‘age'
746 1009 844 1090 inquit
859 1014 949 1072 ‘nnnc
970 1017 999 1071 et
1022 1029 1150 1090 puerum
1169 1010 1283 1077 divida-

167 1096 207 1158 80
219 1096 306 1156 mus!
339 1094 429 1158 iocari
444 1094 586 1174 putabam
601 1095 813 1160 discedentem.
848 1101 879 1160 at
897 1094 946 1158 ille
966 1096 1097 1176 gladium
1118 1092 1284 1176 parricidali

219 1197 310 1242 manu
325 1179 445 1242 strinxit
466 1187 496 1242 et
517 1181 588 1242 ‘non
608 1179 723 1244 frueris'
740 1180 837 1259 inquit
857 1181 923 1242 ‘bac
942 1182 1061 1260 praeda,
1082 1201 1282 1263 superquam
1303 1195 1337 1246 10

204 1265 299 1326 'solus
314 1265 472 1344 incumbis.
506 1269 621 1347 partem
636 1284 734 1330 meam
749 1277 873 1329 necesse
892 1274 938 1328 est
953 1267 997 1329 rel
1016 1267 1073 1330 boc
1091 1268 1187 1346 gladio
1209 1288 1282 1332 con·

218 1358 352 1432 temptas
367 1351 536 1414 abscidam.²
579 1402 581 1407 .

302 1437 385 1500 idem
399 1457 453 1518 ego
469 1457 505 1500 ex
520 1439 612 1500 altera
626 1445 710 1516 parte
726 1436 782 1500 leci
794 1444 824 1498 et
839 1437 949 1501 intorto
961 1437 1038 1500 circa
1050 1437 1205 1503 brachium
1216 1440 1281 1520 pal-

216 1523 254 1584 lio
281 1524 436 1604 composui
460 1524 497 1587 ad
511 1523 726 1605 'proeliandum
740 1523 873 1602 gradum.
906 1523 983 1586 inter
1003 1525 1079 1588 banc
1103 1524 1279 1596 miserorum

217 1609 398 1672 dementiam
419 1608 639 1673 infelicissimus
662 1627 737 1688 yruer
756 1609 894 1689 tangebat
916 1609 1072 1690 utriusque
1094 1627 1189 1690 genua
1212 1630 1279 1676 curn
1301 1620 1333 1674 15

216 1695 289 1758 tletu
303 1695 484 1777 petebatque
500 1696 682 1776 suppliciter,
698 1712 736 1760 ne
750 1695 924 1758 Thebanum
948 1714 1002 1775 par
1022 1695 1141 1759 bumilis
1156 1696 1280 1760 taberna

215 1789 372 1860 spectaret,
393 1801 468 1844 neve
483 1781 628 1861 sanguine
649 1788 755 1844 mutuo
769 1779 972 1862 pollueremus
994 1781 1201 1854 familiaritatis
1222 1783 1281 1844 cla·

215 1866 350 1930 rissimae
365 1886 455 1930 sacra.
491 1867 581 1948 ‘quod
596 1867 622 1929 si
637 1867 750 1947 utique’
766 1865 967 1946 proclamabat
983 1866 1124 1928 ‘facinore
1136 1887 1211 1948 opus
1224 1876 1279 1942 cst,

216 1953 296 2016 nudo
313 1972 381 2016 ecce
396 1953 540 2032 iugulum,
558 1953 722 2016 convertite
733 1954 791 2014 buc
802 1971 918 2026 manus,
933 1952 1096 2031 imprimite
1106 1968 1278 2018 mucrones.

216 2057 271 2117 ego
286 2039 362 2100 mori
377 2038 479 2112 debeo,
496 2039 547 2118 qni
558 2037 704 2102 amicitiae
718 2047 936 2102 sacramentum
949 2036 1060 2102 delevi.'
1093 2037 1279 2102 inhibuimus
1297 2050 1333 2102 20

215 2125 327 2186 ferrum
343 2131 413 2205 post
425 2124 477 2187 has
492 2143 605 2204 preces,
622 2131 653 2186 et
667 2123 748 2203 prior
759 2124 889 2202 Ascyltos
905 2121 975 2203 ‘ego'
991 2121 1087 2203 inquit
1103 2124 1203 2187 ‘linem
1216 2125 1279 2188 dis·

215 2211 334 2274 cordiae
347 2211 509 2290 imponam.
542 2227 616 2289 puer
634 2209 708 2289 ipse,
730 2229 821 2288 quem
842 2209 912 2280 vult,
945 2215 1095 2288 sequatur,
1120 2215 1154 2270 nt
1176 2209 1215 2269 sit
1235 2209 1278 2272 illi

216 2297 320 2358 saltem
335 2297 370 2358 in
383 2295 517 2375 eligendo
532 2295 624 2356 fratre
640 2295 734 2372 [salva]
746 2293 886 2359 libertas’
919 2313 972 2374 ego
985 2294 1037 2375 qui
1048 2293 1276 2370 vetustissimam

216 2381 463 2445 consuetudinem
493 2380 635 2462 putabam
665 2378 697 2442 in
717 2379 870 2461 sanguinis
895 2380 1002 2459 pignus
1022 2379 1173 2450 transisse,
1199 2380 1276 2442 nihil

213 2467 317 2542 timui,
335 2468 429 2534 immo
445 2467 651 2530 condicionem
665 2467 819 2546 praecipiti
833 2465 1024 2528 festinatione
1041 2467 1127 2546 rapui
1147 2465 1274 2528 commi-
1292 2471 1328 2524 25

214 2554 299 2634 sique
310 2554 399 2617 indici
410 2553 504 2618 litem.
527 2553 578 2634 qui
588 2571 627 2614 ne
639 2552 813 2616 deliberavit
825 2551 956 2632 quidem,
973 2560 1007 2614 ut
1020 2551 1171 2617 rideretur
1184 2569 1275 2614 cunc-

213 2647 303 2715 tatus,
324 2657 428 2702 verum
449 2639 550 2702 statim
570 2639 607 2700 ab
628 2647 760 2702 extrema
774 2647 858 2718 parte
873 2637 955 2701 verbi
969 2637 1156 2702 consurrexit
1171 2645 1200 2700 et
1214 2631 1275 2700 lra-

213 2733 289 2786 trem
316 2725 456 2806 Ascylton
481 2724 578 2804 elegit.
617 2724 793 2786 fulminatus
811 2723 875 2784 ¹bac
896 2723 1148 2803 pronuntiatione,
1178 2723 1221 2784 sic
1243 2731 1277 2784 nt

215 2829 305 2881 eram,
322 2811 386 2872 sine
402 2809 498 2890 gladic
512 2810 545 2870 in
559 2809 701 2874 lectulum
716 2808 821 2881 decidi,
837 2816 867 2870 et
881 2810 1048 2872 attulissem
1064 2809 1135 2870 mibi
1151 2807 1276 2872 damna·

214 2905 263 2958 tus
279 2914 399 2968 manus,
419 2896 444 2956 si
464 2913 526 2960 ncn
544 2894 656 2958 inimici
678 2894 817 2962 victoriae
836 2893 1019 2960 incidissem.
1053 2894 1205 2973 egreditur
1225 2913 1277 2956 su·
1296 2906 1332 2957 30

213 2982 323 3062 perbns
335 3001 404 3043 cum
412 2981 546 3061 praemio
555 2981 687 3060 Ascyltos
700 2988 732 3044 et
741 2981 829 3060 paulo
843 2987 914 3045 ante
926 2980 1111 3044 carissimum
1124 2979 1181 3042 sibi
1193 2998 1277 3042 com-

214 3067 378 3129 militonem
398 3066 596 3148 fortunaeque
612 3067 702 3129 etiam
717 3065 911 3130 similitudine
931 3084 1034 3147 parem
1055 3065 1087 3128 in
1108 3066 1172 3128 loco
1187 3084 1275 3147 pere-

212 3153 297 3233 grino
314 3153 448 3216 destituit
462 3153 619 3218 abiectum.

351 3236 356 3321 l
377 3256 488 3303 nomen
503 3239 646 3301 amicitiae
662 3239 714 3310 sic,
729 3243 876 3318 quatenns
892 3236 1021 3316 expedit,
1036 3237 1154 3312 baeret3
1290 3245 1337 3296 to

335 3371 340 3384 .
412 3325 540 3388 calculus
555 3325 588 3388 in
598 3323 697 3388 tabula
712 3323 821 3386 mobile
836 3321 918 3386 ducit
933 3341 1016 3401 opus.
1235 3383 1237 3392 ,
1292 3337 1328 3387 35

379 3429 448 3474 cum
463 3411 583 3474 fortuna
599 3417 709 3484 manet,
724 3410 839 3473 vultum
852 3408 986 3479 servatis,
1001 3407 1102 3482 amici;

412 3515 481 3560 cum
496 3495 609 3570 cecidit,
624 3495 705 3575 turpi
719 3495 832 3559 vertitis
847 3511 899 3582 crq
911 3493 991 3573 fuga.

377 3653 449 3714 grex
464 3633 521 3715 agit
535 3634 568 3696 in
583 3651 689 3696 scaena
703 3633 843 3695 mimum:
859 3640 944 3713 pater
958 3629 1006 3694 ille
1020 3637 1150 3704 vocatur,

413 3721 490 3784 filius
505 3719 563 3796 bio,
579 3738 689 3783 nomen
705 3719 801 3781 divitis
818 3719 866 3780 ibe
881 3726 973 3781 tenet.
1294 3746 1330 3797 40

245 3925 252 3937 ⁶
280 3857 530 3939 drimplicr'qs'baee
547 3858 672 3938 dicentem
685 3855 694 3926 d
709 3855 739 3911 12
758 3863 893 3938 contentus
910 3853 1055 3934 abscindam
1064 3845 1123 3974 dm
1133 3855 1196 3920 puto
1209 3835 1275 3902 arri·

211 3941 253 3976 nur
263 3940 295 3974 ao
306 3924 396 3976 decade
407 3942 432 3977 er
449 3925 528 3978 tudtcl
541 3921 550 3992 ΙΙ
564 3927 597 3976 34
612 3941 637 3978 ar
649 3923 658 3992 d
672 3926 705 3976 36
717 3925 775 3976 dum
788 3926 895 3976 laturus
906 3923 917 3990 ΙΙ
929 3924 960 3974 37
980 3923 1048 3974 cedit
1087 3913 1229 3990 retardarit
1242 3917 1275 3972 39

241 3996 328 4046 ’πέπον
339 3994 384 4046 bor
395 4009 484 4047 cereus
495 3994 544 4045 buo
556 3993 650 4044 inlatos
660 3997 720 4060 puto
732 3991 834 4046 abunde
