2864 4344
576 123 718 178 shrlhtn
1142 129 1182 190 25

77 288 100 338 Η
115 289 159 342 est
171 280 292 360 ingens,
315 289 346 342 et
360 297 428 342 ecee
444 297 532 342 caum
547 279 684 342 Laconici
706 280 797 346 etiam
813 279 890 344 circa
911 298 1046 344 mensam
1066 281 1182 344 discur-

112 385 179 428 rere
195 373 369 446 coepernnt
403 372 541 428 secutum
557 374 603 427 est
617 365 671 426 hos
687 365 909 446 repositorium,
929 366 962 428 in
983 385 1042 447 quo
1064 367 1182 448 positus

112 450 610 532 eratprimaemagnitudinisaper,
627 451 783 531 etquidem
791 451 937 532 pilleatus,
953 452 1068 518 ecuius
1082 454 1183 516 denti-

110 538 168 598 bus
184 538 345 618 sportellae
360 536 568 617 dependebant
582 537 659 600 duae
673 538 810 617 palmulis
825 545 939 611 textae,
955 539 1045 602 altera
1058 541 1182 619 caryotis

80 629 93 678 5
111 623 205 685 altera
220 622 365 686 thebaicis
377 623 499 703 repleta.
523 623 599 684 circa
607 629 707 684 autem
714 623 848 687 minores
855 624 975 703 porcelli
989 644 1024 688 ax
1032 626 1184 706 coptopla-

111 709 207 771 centis
214 709 296 780 facti,
310 708 543 788 quasiuberibus
551 707 752 782 imminerent,
768 710 897 773 scrofam
909 729 973 772 csso
984 711 1112 790 positam
1124 711 1184 792 sig-

27 807 28 874 }
111 795 284 858 nibcahant.
308 793 504 874 ethiquidem
513 794 686 874 apophoreti
696 795 828 859 fuerunt.
845 801 977 858 ceterum
991 796 1027 857 ad
1040 797 1183 860 scinden-

27 895 28 910 ¹
111 881 183 941 dum
200 899 307 960 aprum
323 880 451 968 nenille
466 880 578 959 Carpus
593 880 729 958 accessit,
751 882 801 961 qui
817 879 908 944 altilia
923 881 1109 957 laceraverat,
1131 885 1184 946 sed

110 965 254 1028 barbatus
273 966 390 1046 ingens,
410 964 509 1028 lesciis
529 964 692 1028 cruralibus
708 966 842 1046 alligatus
858 973 888 1028 et
909 966 1012 1030 alicula
1032 968 1181 1032 suborna-

70 1059 96 1108 tc
112 1059 160 1112 tus
175 1051 328 1131 polymita,
350 1051 513 1132 strictoque
528 1052 680 1114 venatorio
697 1052 791 1116 cultro
813 1054 889 1116 latus
909 1053 974 1132 apri
990 1053 1182 1118 vehementer

27 1205 28 1214 ἵ
113 1137 271 1216 percussit,
288 1156 325 1198 cx
340 1137 424 1200 cuius
439 1138 524 1216 plaga
538 1136 618 1198 turdi
630 1137 828 1200 evolaverunt.
859 1139 952 1218 parati
967 1158 1095 1220 aucupes
1112 1159 1181 1202 cum

27 1231 28 1292 j
112 1221 331 1285 harundinibus
343 1223 465 1284 fuerunt
480 1230 510 1283 et
526 1241 577 1284 eos
592 1223 668 1286 eirca
682 1224 844 1286 trichnium
859 1225 1017 1288 volitantes
1028 1234 1180 1288 momento

111 1317 304 1388 exceperunt.
334 1309 405 1370 inde
418 1327 488 1370 cum
502 1326 590 1370 suum
603 1307 711 1388 cuique
723 1310 859 1372 iussisset
870 1310 976 1373 referri
994 1310 1180 1387 Trimalchio,

114 1393 237 1456 adiecit:
260 1395 359 1456 ‘etiam
375 1395 482 1465 videte,
498 1413 587 1474 quam
602 1412 711 1473 porcus
726 1395 775 1458 ille
796 1395 946 1458 silvaticus
968 1398 1058 1458 lotam
1081 1416 1181 1460 come-

27 1527 28 1532 ,
70 1485 95 1535 tt
111 1479 189 1540 derit
206 1479 365 1558 glandem’.
380 1479 481 1542 statim
493 1479 579 1558 pueri
591 1480 627 1541 ad
640 1482 795 1559 sportellas
807 1490 1004 1556 accesserunt,
1017 1501 1093 1563 quae
1104 1495 1179 1563 pen·

110 1565 222 1628 debant
238 1565 420 1640 edentibus,
440 1565 648 1645 thebaicasque
661 1576 689 1628 ct
705 1573 837 1646 caryotas
859 1569 895 1630 ad
918 1587 1080 1632 numerum
1102 1569 1178 1632 divi-

27 1699 29 1750 q
110 1669 174 1712 sere
193 1651 381 1714 cenantibus.
402 1650 522 1713 interim
538 1671 601 1732 ego,
622 1651 674 1731 qui
688 1651 835 1732 privatum
852 1652 996 1716 habebam
1018 1673 1177 1730 secessum,
1190 1653 1227 1714 dl
1280 1729 1282 1734 Ι

27 1761 28 1810 q
111 1735 139 1798 in
157 1738 269 1799 multas
283 1737 477 1816 cogitationes
493 1737 736 1809 deductussum,
765 1755 857 1818 quare
878 1757 950 1818 aper
970 1740 1109 1822 pilleatus
1129 1740 1178 1802 in·
1253 1769 1257 1794 v

27 1831 28 1840 ’
109 1831 229 1884 trasset.
258 1830 420 1903 postquam
436 1823 537 1902 itaque
557 1823 657 1884 omnis
677 1823 841 1888 bacalusias
857 1824 1040 1906 consumpsi,
1060 1826 1179 1890 decrevi

27 1939 28 1984 3
69 1917 94 1968 tc
110 1907 296 1987 interrogare
320 1909 405 1970 illum
426 1907 621 1988 interpretem
640 1926 756 1978 meum,
785 1910 866 1990 quod
887 1929 935 1972 me
956 1919 1117 1992 torqueret.
1149 1923 1179 1977 at

112 1993 175 2055 ille:
194 1995 291 2074 ‘plane
307 1994 397 2056 etiam
412 1993 470 2056 hoc
484 2012 588 2056 servus
604 2000 674 2055 tuus
686 1994 816 2057 indicare
830 2002 944 2076 potest;
959 2016 1022 2059 non
1035 1998 1115 2060 enim
1127 2019 1178 2062 ae-

112 2080 211 2158 nigma
227 2088 282 2152 est,
298 2080 351 2142 sed
367 2099 415 2142 res
431 2088 541 2160 aperta.
571 2079 620 2140 hic
634 2099 714 2160 aper,
729 2100 796 2142 cum
814 2082 877 2144 heri
889 2099 1008 2148 summa
1018 2101 1088 2146 cena
1107 2103 1177 2149 eum

110 2165 298 2240 vindicasset,
315 2185 331 2227 a
347 2166 478 2228 convivis
494 2165 635 2228 dimissus
651 2176 706 2239 est3
722 2165 822 2247 itaque
832 2168 921 2230 hodie
932 2176 1073 2249 tanquam
1085 2169 1177 2236 liber·

109 2261 157 2314 tus
172 2252 205 2314 in
221 2252 390 2314 convivium
407 2251 584 2313 revertitur!
622 2251 760 2314 damnavi
782 2273 837 2334 ego
852 2261 1008 2334 stuporem
1029 2274 1130 2318 mcum
1147 2267 1177 2322 et

68 2339 181 2454 2ὲηίὴῦ
203 2338 333 2417 amplius
360 2337 548 2416 interrogavi,
575 2355 613 2398 ne
629 2337 744 2400 viderer
763 2357 917 2420 nunquam
939 2340 1018 2403 inter
1033 2342 1175 2408 honestos

109 2442 240 2488 cenasse.
546 2450 555 2464 ·

193 2512 266 2572 dum
281 2511 355 2572 haec
367 2509 529 2588 loquimur,
545 2526 619 2588 puer
632 2509 793 2588 speciosus,
809 2509 918 2572 vitibus
929 2510 1108 2593 hederisque
1123 2535 1175 2578 re-

111 2597 242 2668 dimitus,
257 2595 347 2658 modo
359 2595 688 2667 Bromiuminterdum
702 2595 834 2674 Lyaeum
847 2595 1039 2678 Euhiumque
1055 2601 1177 2662 confes-

111 2703 169 2755 sus,
185 2683 345 2744 calathisco
361 2700 432 2742 uvas
448 2681 629 2744 circumtulit
648 2689 677 2744 et
691 2689 828 2760 poemata
844 2682 958 2745 domini
976 2684 1023 2746 sui
1039 2686 1174 2748 acutissi-

72 2783 97 2832 to
113 2789 159 2830 ma
175 2787 249 2830 voce
262 2767 405 2828 traduxit.
436 2766 472 2829 ad
488 2785 578 2846 quem
594 2785 704 2831 sonum
720 2786 879 2830 conversus
895 2769 1073 2834 Trimalchio
1096 2772 1174 2834 ‘llio-

113 2853 191 2934 nvse'
218 2853 318 2933 inquit
339 2851 525 2914 ‘liber‘esto'.
555 2871 631 2932 puer
651 2852 777 2914 detraxit
795 2855 917 2934 pilleum
938 2875 1009 2936 apro
1027 2859 1175 2939 capitique

112 2959 163 3002 suo
185 2939 337 3019 imposuit.
378 2946 442 3000 tum
469 2937 648 3001 Trimalchio
669 2958 773 3000 rursus
796 2941 914 3002 adiecit:
945 2949 1017 3004 ‘non
1032 2945 1175 3022 negabitis

113 3026 167 3088 mc'
193 3024 295 3106 inquit
313 3023 431 3086 ‘habere
447 3022 590 3086 Liberum
605 3027 741 3105 patrem'.
770 3025 953 3088 laudavimus
975 3028 1087 3091 dictum
1108 3030 1175 3092 Tri-

113 3109 285 3174 malchionis
302 3117 332 3170 et
346 3109 581 3171 circumeuntem
596 3128 724 3190 puerum
739 3129 813 3172 sane
827 3111 1039 3190 perbasiamus.

74 3197 98 3248 ³⁵
194 3195 231 3257 ah
248 3197 306 3258 hoc
319 3197 432 3257 ferculo
447 3194 624 3258 Trimalchio
641 3197 678 3258 ad
690 3196 828 3258 lasanum
844 3197 983 3258 surrexit.
1013 3217 1068 3261 nos
1084 3201 1175 3262 liber-

113 3291 202 3344 tatem
218 3282 285 3343 sine
299 3289 425 3360 tyranne
441 3280 521 3342 nacti
537 3283 691 3362 coepimus
711 3281 837 3344 invitare
851 3283 1043 3346 convivarum
1058 3304 1174 3348 sermo·

27 3373 29 3464 l
113 3387 171 3430 nes.
201 3368 294 3430 Dama
307 3366 410 3446 itaque
423 3366 540 3446 primus
555 3385 623 3429 cum
639 3367 806 3448 pataracina
820 3369 1012 3448 poposcisset,
1028 3371 1110 3434 ‘dies'
1125 3373 1174 3433 in·

114 3454 174 3532 quit
189 3453 274 3514 ‘nibil
290 3458 344 3514 est.
375 3452 446 3514 dum
461 3471 563 3514 versas
577 3460 616 3526 te,
633 3473 698 3516 ner
712 3453 756 3514 tit.
785 3454 885 3533 itaque
908 3454 982 3516 nihil
996 3464 1042 3517 est
1057 3458 1173 3532 melius,

27 3581 28 3616 ,
113 3558 197 3618 quam
221 3539 258 3600 de
274 3537 409 3600 cubiculo
424 3546 502 3599 recta
524 3539 556 3598 in
576 3539 740 3602 triclinium
760 3539 814 3600 ire.
851 3547 882 3600 et
906 3540 1054 3604 mundum
1078 3543 1173 3622 frigus

27 3623 28 3626 ’
74 3632 98 3682 tc
111 3625 276 3687 habuimus.
306 3623 353 3684 vix
369 3643 417 3686 me
429 3623 553 3686 balneus
569 3625 692 3688 calfecit.
719 3624 1172 3706 tamencaldapotiovestierius

174 3827 298 3879 idiotam
311 3827 319 3896 ll
336 3829 490 3896 lllsoriaase
506 3829 650 3880 baucalesis
667 3827 671 3894 Ι
686 3829 778 3881 duravi
791 3827 800 3896 ΙΙ
813 3831 847 3882 20
865 3831 924 3897 qnid
938 3829 947 3898 ll
960 3830 993 3882 22
1010 3847 1096 3884 cenant
1115 3834 1171 3885 vin-

112 3893 216 3948 dicasset
229 3896 239 3964 ΙΙ
253 3898 287 3949 34
298 3897 483 3951 circumeuntes
496 3895 505 3964 ll
519 3899 551 3948 37
565 3897 657 3948 clamat
670 3897 755 3963 itaque
948 3910 950 3918 ’
