<?xml version="1.0" encoding="UTF-8"?>
<!DOCTYPE html PUBLIC "-//W3C//DTD XHTML 1.0 Transitional//EN"
    "http://www.w3.org/TR/xhtml1/DTD/xhtml1-transitional.dtd">
<html xmlns="http://www.w3.org/1999/xhtml" xml:lang="en" lang="en">
 <head>
  <title>
</title>
<meta http-equiv="Content-Type" content="text/html;charset=utf-8" />
  <meta name='ocr-system' content='tesseract 3.04.00' />
  <meta name='ocr-capabilities' content='ocr_page ocr_carea ocr_par ocr_line ocrx_word'/>
</head>
<body>
  <div class='ocr_page' id='page_1' title='image "./satiraeetliberp00buecgoog_0054.png"; bbox 0 0 2864 4344; ppageno 0'>
   <div class='ocr_carea' id='block_1_1' title="bbox 18 129 1213 304">
    <p class='ocr_par' dir='ltr' id='par_1_1' title="bbox 18 129 1213 304">
     <span class='ocr_line' id='line_1_1' title="bbox 611 129 1213 194; baseline 0.002 -12"><span class='ocrx_word' id='word_1_1' title='bbox 611 129 755 184; x_wconf 79' lang='lat' dir='ltr'><strong>statuum</strong></span> <span class='ocrx_word' id='word_1_2' title='bbox 1031 183 1035 190; x_wconf 84' lang='grc'>,</span> <span class='ocrx_word' id='word_1_3' title='bbox 1172 133 1213 194; x_wconf 72' lang='lat'><strong>43</strong></span> 
     </span>
     <span class='ocr_line' id='line_1_2' title="bbox 18 261 19 304; baseline 0 0"><span class='ocrx_word' id='word_1_4' title='bbox 18 261 19 304; x_wconf 86' lang='lat' dir='ltr'><strong>l</strong></span> 
     </span>
    </p>
   </div>
   <div class='ocr_carea' id='block_1_2' title="bbox 109 285 1214 540">
    <p class='ocr_par' dir='ltr' id='par_1_2' title="bbox 109 285 1214 540">
     <span class='ocr_line' id='line_1_3' title="bbox 109 285 1213 368; baseline 0.004 -22"><span class='ocrx_word' id='word_1_5' title='bbox 109 294 132 346; x_wconf 75' lang='lat' dir='ltr'><strong>d</strong></span> <span class='ocrx_word' id='word_1_6' title='bbox 146 297 276 368; x_wconf 82' lang='lat' dir='ltr'><strong>tergens,</strong></span> <span class='ocrx_word' id='word_1_7' title='bbox 292 288 372 367; x_wconf 86' lang='lat' dir='ltr'><strong>quod</strong></span> <span class='ocrx_word' id='word_1_8' title='bbox 387 287 418 350; x_wconf 90' lang='lat' dir='ltr'><strong>iu</strong></span> <span class='ocrx_word' id='word_1_9' title='bbox 433 287 507 350; x_wconf 92' lang='lat' dir='ltr'><strong>collo</strong></span> <span class='ocrx_word' id='word_1_10' title='bbox 522 285 660 359; x_wconf 84' lang='lat' dir='ltr'><strong>habehat,</strong></span> <span class='ocrx_word' id='word_1_11' title='bbox 676 285 800 366; x_wconf 86' lang='lat' dir='ltr'><strong>applicat</strong></span> <span class='ocrx_word' id='word_1_12' title='bbox 814 304 847 347; x_wconf 89' lang='lat' dir='ltr'><strong>se</strong></span> <span class='ocrx_word' id='word_1_13' title='bbox 862 287 904 348; x_wconf 91' lang='lat' dir='ltr'><strong>illi</strong></span> <span class='ocrx_word' id='word_1_14' title='bbox 919 297 996 358; x_wconf 84' lang='lat' dir='ltr'><strong>toro,</strong></span> <span class='ocrx_word' id='word_1_15' title='bbox 1011 287 1043 348; x_wconf 91' lang='lat' dir='ltr'><strong>in</strong></span> <span class='ocrx_word' id='word_1_16' title='bbox 1055 306 1114 367; x_wconf 91' lang='lat' dir='ltr'><strong>quo</strong></span> <span class='ocrx_word' id='word_1_17' title='bbox 1127 287 1213 350; x_wconf 87' lang='lat' dir='ltr'><strong>Scin-</strong></span> 
     </span>
     <span class='ocr_line' id='line_1_4' title="bbox 147 371 1214 453; baseline -0.002 -16"><span class='ocrx_word' id='word_1_18' title='bbox 147 375 210 438; x_wconf 86' lang='lat' dir='ltr'><strong>tilla</strong></span> <span class='ocrx_word' id='word_1_19' title='bbox 232 373 387 440; x_wconf 87' lang='lat' dir='ltr'><strong>Habinnae</strong></span> <span class='ocrx_word' id='word_1_20' title='bbox 408 371 611 436; x_wconf 88' lang='lat' dir='ltr'><strong>discumbebat</strong></span> <span class='ocrx_word' id='word_1_21' title='bbox 632 389 716 444; x_wconf 85' lang='lat' dir='ltr'><strong>uror,</strong></span> <span class='ocrx_word' id='word_1_22' title='bbox 737 371 925 452; x_wconf 87' lang='lat' dir='ltr'><strong>osculataque</strong></span> <span class='ocrx_word' id='word_1_23' title='bbox 944 373 1135 453; x_wconf 79' lang='lat' dir='ltr'><strong>plaudentem</strong></span> <span class='ocrx_word' id='word_1_24' title='bbox 1158 381 1214 436; x_wconf 87' lang='lat' dir='ltr'><strong>‘est</strong></span> 
     </span>
     <span class='ocr_line' id='line_1_5' title="bbox 147 455 458 540; baseline -0.01 -18"><span class='ocrx_word' id='word_1_25' title='bbox 147 461 186 523; x_wconf 86' lang='lat' dir='ltr'><strong>tc’</strong></span> <span class='ocrx_word' id='word_1_26' title='bbox 202 459 301 540; x_wconf 91' lang='lat' dir='ltr'><strong>inquit</strong></span> <span class='ocrx_word' id='word_1_27' title='bbox 317 455 458 521; x_wconf 72' lang='lat' dir='ltr'><strong>‘rideret&#39;</strong></span> 
     </span>
    </p>
   </div>
   <div class='ocr_carea' id='block_1_3' title="bbox 97 540 1314 3698">
    <p class='ocr_par' dir='ltr' id='par_1_3' title="bbox 97 540 1314 3698">
     <span class='ocr_line' id='line_1_6' title="bbox 235 540 1213 625; baseline 0 -18"><span class='ocrx_word' id='word_1_28' title='bbox 235 563 272 607; x_wconf 93' lang='lat' dir='ltr'><strong>eo</strong></span> <span class='ocrx_word' id='word_1_29' title='bbox 287 545 396 608; x_wconf 87' lang='lat' dir='ltr'><strong>deinde</strong></span> <span class='ocrx_word' id='word_1_30' title='bbox 409 550 588 625; x_wconf 85' lang='lat' dir='ltr'><strong>perventum</strong></span> <span class='ocrx_word' id='word_1_31' title='bbox 603 549 658 614; x_wconf 83' lang='lat' dir='ltr'><strong>est,</strong></span> <span class='ocrx_word' id='word_1_32' title='bbox 674 549 708 602; x_wconf 94' lang='lat' dir='ltr'><strong>ut</strong></span> <span class='ocrx_word' id='word_1_33' title='bbox 717 540 882 606; x_wconf 88' lang='lat' dir='ltr'><strong>Fortunata</strong></span> <span class='ocrx_word' id='word_1_34' title='bbox 897 545 1025 606; x_wconf 77' lang='lat' dir='ltr'><strong>armillas</strong></span> <span class='ocrx_word' id='word_1_35' title='bbox 1047 563 1116 606; x_wconf 85' lang='lat' dir='ltr'><strong>suaa</strong></span> <span class='ocrx_word' id='word_1_36' title='bbox 1132 562 1213 607; x_wconf 89' lang='lat' dir='ltr'><strong>cras·</strong></span> 
     </span>
     <span class='ocr_line' id='line_1_7' title="bbox 114 627 1215 723; baseline -0.004 -27"><span class='ocrx_word' id='word_1_37' title='bbox 114 645 129 696; x_wconf 78' lang='lat' dir='ltr'><strong>t</strong></span> <span class='ocrx_word' id='word_1_38' title='bbox 148 631 275 696; x_wconf 84' lang='lat' dir='ltr'><strong>cissimis</strong></span> <span class='ocrx_word' id='word_1_39' title='bbox 291 630 461 693; x_wconf 88' lang='lat' dir='ltr'><strong>detraheret</strong></span> <span class='ocrx_word' id='word_1_40' title='bbox 475 629 593 723; x_wconf 53' lang='lat' dir='ltr'><strong>lagertis</strong></span> <span class='ocrx_word' id='word_1_41' title='bbox 608 627 820 707; x_wconf 74' lang='lat' dir='ltr'>Scintillaeque</span> <span class='ocrx_word' id='word_1_42' title='bbox 835 628 957 691; x_wconf 80' lang='lat' dir='ltr'><strong>curanti</strong></span> <span class='ocrx_word' id='word_1_43' title='bbox 972 629 1151 692; x_wconf 77' lang='lat' dir='ltr'><strong>ostenderet.</strong></span> <span class='ocrx_word' id='word_1_44' title='bbox 1168 632 1215 692; x_wconf 92' lang='lat' dir='ltr'><strong>ul·</strong></span> 
     </span>
     <span class='ocr_line' id='line_1_8' title="bbox 148 711 1314 795; baseline -0.002 -15"><span class='ocrx_word' id='word_1_45' title='bbox 148 716 329 780; x_wconf 87' lang='lat' dir='ltr'><strong>timoetiam</strong></span> <span class='ocrx_word' id='word_1_46' title='bbox 344 715 532 795; x_wconf 71' lang='lat' dir='ltr'><strong>periscelides</strong></span> <span class='ocrx_word' id='word_1_47' title='bbox 548 713 669 778; x_wconf 83' lang='lat' dir='ltr'><strong>resoluit</strong></span> <span class='ocrx_word' id='word_1_48' title='bbox 689 720 718 774; x_wconf 91' lang='lat' dir='ltr'><strong>et</strong></span> <span class='ocrx_word' id='word_1_49' title='bbox 737 711 897 776; x_wconf 83' lang='lat' dir='ltr'><strong>reticulum</strong></span> <span class='ocrx_word' id='word_1_50' title='bbox 919 733 1053 788; x_wconf 86' lang='lat' dir='ltr'><strong>aureum,</strong></span> <span class='ocrx_word' id='word_1_51' title='bbox 1074 735 1163 794; x_wconf 90' lang='lat' dir='ltr'><strong>quem</strong></span> <span class='ocrx_word' id='word_1_52' title='bbox 1179 737 1215 780; x_wconf 82' lang='lat' dir='ltr'><strong>ex</strong></span> <span class='ocrx_word' id='word_1_53' title='bbox 1311 717 1314 722; x_wconf 72' lang='grc'>’</span> 
     </span>
     <span class='ocr_line' id='line_1_9' title="bbox 150 798 1213 881; baseline -0.001 -17"><span class='ocrx_word' id='word_1_54' title='bbox 150 804 277 866; x_wconf 87' lang='lat' dir='ltr'><strong>obrussa</strong></span> <span class='ocrx_word' id='word_1_55' title='bbox 292 819 359 864; x_wconf 91' lang='lat' dir='ltr'><strong>esse</strong></span> <span class='ocrx_word' id='word_1_56' title='bbox 374 801 500 866; x_wconf 87' lang='lat' dir='ltr'><strong>dicebat.</strong></span> <span class='ocrx_word' id='word_1_57' title='bbox 533 799 647 865; x_wconf 81' lang='lat' dir='ltr'><strong>notauit</strong></span> <span class='ocrx_word' id='word_1_58' title='bbox 669 800 741 862; x_wconf 86' lang='lat' dir='ltr'><strong>haec</strong></span> <span class='ocrx_word' id='word_1_59' title='bbox 755 798 933 864; x_wconf 70' lang='lat' dir='ltr'><strong>Trimalchio</strong></span> <span class='ocrx_word' id='word_1_60' title='bbox 955 801 1100 881; x_wconf 89' lang='lat' dir='ltr'><strong>iussitque</strong></span> <span class='ocrx_word' id='word_1_61' title='bbox 1115 802 1213 864; x_wconf 77' lang='lat' dir='ltr'><strong>alderti</strong></span> 
     </span>
     <span class='ocr_line' id='line_1_10' title="bbox 150 884 1214 966; baseline -0.005 -12"><span class='ocrx_word' id='word_1_62' title='bbox 150 889 250 954; x_wconf 82' lang='lat' dir='ltr'><strong>omnia</strong></span> <span class='ocrx_word' id='word_1_63' title='bbox 265 895 295 951; x_wconf 91' lang='lat' dir='ltr'><strong>et</strong></span> <span class='ocrx_word' id='word_1_64' title='bbox 315 885 438 950; x_wconf 81' lang='lat' dir='ltr'><strong>‘vidctis&#39;</strong></span> <span class='ocrx_word' id='word_1_65' title='bbox 454 885 552 966; x_wconf 89' lang='lat' dir='ltr'><strong>inquit</strong></span> <span class='ocrx_word' id='word_1_66' title='bbox 577 884 720 948; x_wconf 84' lang='lat' dir='ltr'><strong>‘mulieris</strong></span> <span class='ocrx_word' id='word_1_67' title='bbox 735 887 909 965; x_wconf 79' lang='lat' dir='ltr'><strong>compedes:</strong></span> <span class='ocrx_word' id='word_1_68' title='bbox 936 886 979 948; x_wconf 87' lang='lat' dir='ltr'><strong>sic</strong></span> <span class='ocrx_word' id='word_1_69' title='bbox 1004 905 1061 948; x_wconf 84' lang='lat' dir='ltr'><strong>nos</strong></span> <span class='ocrx_word' id='word_1_70' title='bbox 1080 889 1214 949; x_wconf 85' lang='lat' dir='ltr'><strong>barcalae</strong></span> 
     </span>
     <span class='ocr_line' id='line_1_11' title="bbox 150 969 1214 1054; baseline -0.002 -18"><span class='ocrx_word' id='word_1_71' title='bbox 150 973 361 1054; x_wconf 73' lang='lat' dir='ltr'><strong>despoliantur.</strong></span> <span class='ocrx_word' id='word_1_72' title='bbox 395 991 447 1034; x_wconf 84' lang='lat' dir='ltr'><strong>seu</strong></span> <span class='ocrx_word' id='word_1_73' title='bbox 459 973 559 1052; x_wconf 91' lang='lat' dir='ltr'><strong>pondo</strong></span> <span class='ocrx_word' id='word_1_74' title='bbox 575 979 605 1034; x_wconf 88' lang='lat' dir='ltr'><strong>et</strong></span> <span class='ocrx_word' id='word_1_75' title='bbox 620 969 759 1035; x_wconf 79' lang='lat' dir='ltr'><strong>selibram</strong></span> <span class='ocrx_word' id='word_1_76' title='bbox 773 971 862 1034; x_wconf 87' lang='lat' dir='ltr'><strong>dehet</strong></span> <span class='ocrx_word' id='word_1_77' title='bbox 875 972 993 1034; x_wconf 90' lang='lat' dir='ltr'><strong>habere.</strong></span> <span class='ocrx_word' id='word_1_78' title='bbox 1032 979 1061 1034; x_wconf 90' lang='lat' dir='ltr'><strong>et</strong></span> <span class='ocrx_word' id='word_1_79' title='bbox 1081 971 1146 1052; x_wconf 90' lang='lat' dir='ltr'><strong>ipse</strong></span> <span class='ocrx_word' id='word_1_80' title='bbox 1166 974 1214 1041; x_wconf 48' lang='lat' dir='ltr'><strong>nia</strong></span> 
     </span>
     <span class='ocr_line' id='line_1_12' title="bbox 98 1056 1214 1137; baseline -0.004 -13"><span class='ocrx_word' id='word_1_81' title='bbox 98 1073 130 1124; x_wconf 85' lang='lat' dir='ltr'><strong>to</strong></span> <span class='ocrx_word' id='word_1_82' title='bbox 150 1059 209 1124; x_wconf 89' lang='lat' dir='ltr'><strong>bilo</strong></span> <span class='ocrx_word' id='word_1_83' title='bbox 226 1059 327 1123; x_wconf 85' lang='lat' dir='ltr'><strong>minua</strong></span> <span class='ocrx_word' id='word_1_84' title='bbox 342 1057 437 1122; x_wconf 86' lang='lat' dir='ltr'><strong>babeo</strong></span> <span class='ocrx_word' id='word_1_85' title='bbox 452 1058 555 1122; x_wconf 87' lang='lat' dir='ltr'><strong>decom</strong></span> <span class='ocrx_word' id='word_1_86' title='bbox 572 1056 673 1137; x_wconf 90' lang='lat' dir='ltr'><strong>pondo</strong></span> <span class='ocrx_word' id='word_1_87' title='bbox 687 1056 830 1120; x_wconf 87' lang='lat' dir='ltr'><strong>armillam</strong></span> <span class='ocrx_word' id='word_1_88' title='bbox 842 1076 879 1118; x_wconf 85' lang='lat' dir='ltr'><strong>ex</strong></span> <span class='ocrx_word' id='word_1_89' title='bbox 899 1057 1062 1120; x_wconf 88' lang='lat' dir='ltr'><strong>millesimis</strong></span> <span class='ocrx_word' id='word_1_90' title='bbox 1078 1057 1214 1121; x_wconf 85' lang='lat' dir='ltr'><strong>Mercurii</strong></span> 
     </span>
     <span class='ocr_line' id='line_1_13' title="bbox 150 1141 1214 1216; baseline -0.004 -8"><span class='ocrx_word' id='word_1_91' title='bbox 150 1142 279 1210; x_wconf 64' lang='lat' dir='ltr'><strong>lamam?</strong></span> <span class='ocrx_word' id='word_1_92' title='bbox 313 1144 419 1212; x_wconf 86' lang='lat' dir='ltr'><strong>ultimo</strong></span> <span class='ocrx_word' id='word_1_93' title='bbox 435 1143 534 1216; x_wconf 88' lang='lat' dir='ltr'><strong>etiam,</strong></span> <span class='ocrx_word' id='word_1_94' title='bbox 550 1141 899 1216; x_wconf 68' lang='lat' dir='ltr'><strong>nomenclationem,</strong></span> <span class='ocrx_word' id='word_1_95' title='bbox 916 1151 1054 1206; x_wconf 89' lang='lat' dir='ltr'><strong>stateram</strong></span> <span class='ocrx_word' id='word_1_96' title='bbox 1068 1143 1154 1206; x_wconf 90' lang='lat' dir='ltr'><strong>iussit</strong></span> <span class='ocrx_word' id='word_1_97' title='bbox 1170 1145 1214 1206; x_wconf 87' lang='lat' dir='ltr'><strong>al-</strong></span> 
     </span>
     <span class='ocr_line' id='line_1_14' title="bbox 148 1227 1215 1311; baseline 0 -19"><span class='ocrx_word' id='word_1_98' title='bbox 148 1230 222 1294; x_wconf 86' lang='lat' dir='ltr'><strong>lcrri</strong></span> <span class='ocrx_word' id='word_1_99' title='bbox 236 1229 479 1294; x_wconf 70' lang='lat' dir='ltr'><strong>etdrcurnlatum</strong></span> <span class='ocrx_word' id='word_1_100' title='bbox 489 1227 644 1308; x_wconf 89' lang='lat' dir='ltr'><strong>approbari</strong></span> <span class='ocrx_word' id='word_1_101' title='bbox 656 1229 784 1307; x_wconf 84' lang='lat' dir='ltr'><strong>pondus.</strong></span> <span class='ocrx_word' id='word_1_102' title='bbox 795 1247 851 1290; x_wconf 90' lang='lat' dir='ltr'><strong>nec</strong></span> <span class='ocrx_word' id='word_1_103' title='bbox 862 1229 969 1292; x_wconf 87' lang='lat' dir='ltr'><strong>molior</strong></span> <span class='ocrx_word' id='word_1_104' title='bbox 981 1229 1123 1301; x_wconf 77' lang='lat' dir='ltr'><strong>Scintilla,</strong></span> <span class='ocrx_word' id='word_1_105' title='bbox 1140 1249 1215 1311; x_wconf 90' lang='lat' dir='ltr'><strong>quae</strong></span> 
     </span>
     <span class='ocr_line' id='line_1_15' title="bbox 152 1314 1215 1394; baseline -0.001 -16"><span class='ocrx_word' id='word_1_106' title='bbox 152 1317 190 1378; x_wconf 92' lang='lat' dir='ltr'><strong>dc</strong></span> <span class='ocrx_word' id='word_1_107' title='bbox 209 1314 323 1380; x_wconf 79' lang='lat' dir='ltr'><strong>cerviae</strong></span> <span class='ocrx_word' id='word_1_108' title='bbox 345 1333 399 1376; x_wconf 90' lang='lat' dir='ltr'><strong>sua</strong></span> <span class='ocrx_word' id='word_1_109' title='bbox 419 1315 575 1394; x_wconf 78' lang='lat' dir='ltr'><strong>capsellam</strong></span> <span class='ocrx_word' id='word_1_110' title='bbox 596 1314 721 1378; x_wconf 83' lang='lat' dir='ltr'><strong>detraxit</strong></span> <span class='ocrx_word' id='word_1_111' title='bbox 739 1315 904 1387; x_wconf 87' lang='lat' dir='ltr'><strong>aureolam,</strong></span> <span class='ocrx_word' id='word_1_112' title='bbox 924 1332 1014 1394; x_wconf 86' lang='lat' dir='ltr'><strong>quam</strong></span> <span class='ocrx_word' id='word_1_113' title='bbox 1032 1314 1215 1378; x_wconf 82' lang='lat' dir='ltr'><strong>Felicionem</strong></span> 
     </span>
     <span class='ocr_line' id='line_1_16' title="bbox 152 1399 1214 1481; baseline -0.004 -15"><span class='ocrx_word' id='word_1_114' title='bbox 152 1399 325 1481; x_wconf 81' lang='lat' dir='ltr'><strong>appellabat.</strong></span> <span class='ocrx_word' id='word_1_115' title='bbox 357 1400 428 1464; x_wconf 87' lang='lat' dir='ltr'><strong>iude</strong></span> <span class='ocrx_word' id='word_1_116' title='bbox 449 1401 508 1462; x_wconf 94' lang='lat' dir='ltr'><strong>duo</strong></span> <span class='ocrx_word' id='word_1_117' title='bbox 524 1399 644 1464; x_wconf 87' lang='lat' dir='ltr'><strong>crotalia</strong></span> <span class='ocrx_word' id='word_1_118' title='bbox 667 1399 792 1479; x_wconf 88' lang='lat' dir='ltr'><strong>protulit</strong></span> <span class='ocrx_word' id='word_1_119' title='bbox 817 1407 846 1462; x_wconf 90' lang='lat' dir='ltr'><strong>et</strong></span> <span class='ocrx_word' id='word_1_120' title='bbox 861 1400 1041 1472; x_wconf 80' lang='lat' dir='ltr'><strong>Fortunatae</strong></span> <span class='ocrx_word' id='word_1_121' title='bbox 1066 1401 1214 1466; x_wconf 72' lang='lat' dir='ltr'><strong>invicem</strong></span> 
     </span>
     <span class='ocr_line' id='line_1_17' title="bbox 99 1483 1215 1566; baseline 0 -18"><span class='ocrx_word' id='word_1_122' title='bbox 99 1495 130 1548; x_wconf 80' lang='lat'><strong>15</strong></span> <span class='ocrx_word' id='word_1_123' title='bbox 151 1486 367 1550; x_wconf 82' lang='lat' dir='ltr'><strong>consideranda</strong></span> <span class='ocrx_word' id='word_1_124' title='bbox 383 1485 464 1549; x_wconf 89' lang='lat' dir='ltr'><strong>dedit</strong></span> <span class='ocrx_word' id='word_1_125' title='bbox 479 1492 509 1548; x_wconf 89' lang='lat' dir='ltr'><strong>et</strong></span> <span class='ocrx_word' id='word_1_126' title='bbox 524 1483 657 1549; x_wconf 83' lang='lat' dir='ltr'><strong>‘domini&#39;</strong></span> <span class='ocrx_word' id='word_1_127' title='bbox 673 1485 771 1566; x_wconf 92' lang='lat' dir='ltr'><strong>inquit</strong></span> <span class='ocrx_word' id='word_1_128' title='bbox 786 1486 1011 1548; x_wconf 80' lang='lat' dir='ltr'><strong>‘maiheueiicio</strong></span> <span class='ocrx_word' id='word_1_129' title='bbox 1022 1503 1113 1548; x_wconf 88' lang='lat' dir='ltr'><strong>nemo</strong></span> <span class='ocrx_word' id='word_1_130' title='bbox 1125 1486 1215 1548; x_wconf 90' lang='lat' dir='ltr'><strong>hahet</strong></span> 
     </span>
     <span class='ocr_line' id='line_1_18' title="bbox 151 1569 1215 1652; baseline 0.001 -19"><span class='ocrx_word' id='word_1_131' title='bbox 151 1571 292 1636; x_wconf 84' lang='lat' dir='ltr'><strong>meliora&#39;</strong></span> <span class='ocrx_word' id='word_1_132' title='bbox 309 1570 389 1652; x_wconf 86' lang='lat' dir='ltr'><strong>‘quid</strong></span> <span class='ocrx_word' id='word_1_133' title='bbox 398 1569 422 1634; x_wconf 74' lang='lat' dir='ltr'><strong>T</strong></span> <span class='ocrx_word' id='word_1_134' title='bbox 437 1570 535 1652; x_wconf 88' lang='lat' dir='ltr'><strong>inquit</strong></span> <span class='ocrx_word' id='word_1_135' title='bbox 549 1571 700 1634; x_wconf 86' lang='lat' dir='ltr'><strong>Habinnas</strong></span> <span class='ocrx_word' id='word_1_136' title='bbox 712 1572 938 1633; x_wconf 88' lang='lat' dir='ltr'><strong>‘excatarissasti</strong></span> <span class='ocrx_word' id='word_1_137' title='bbox 949 1591 1007 1644; x_wconf 89' lang='lat' dir='ltr'><strong>me,</strong></span> <span class='ocrx_word' id='word_1_138' title='bbox 1023 1580 1056 1632; x_wconf 88' lang='lat' dir='ltr'><strong>ut</strong></span> <span class='ocrx_word' id='word_1_139' title='bbox 1066 1572 1120 1633; x_wconf 90' lang='lat' dir='ltr'><strong>tihi</strong></span> <span class='ocrx_word' id='word_1_140' title='bbox 1132 1592 1215 1634; x_wconf 89' lang='lat' dir='ltr'><strong>emc-</strong></span> 
     </span>
     <span class='ocr_line' id='line_1_19' title="bbox 149 1656 1215 1737; baseline 0.002 -20"><span class='ocrx_word' id='word_1_141' title='bbox 149 1677 215 1726; x_wconf 80' lang='lat' dir='ltr'><strong>aem</strong></span> <span class='ocrx_word' id='word_1_142' title='bbox 231 1657 327 1724; x_wconf 82' lang='lat' dir='ltr'><strong>labam</strong></span> <span class='ocrx_word' id='word_1_143' title='bbox 342 1658 477 1722; x_wconf 83' lang='lat' dir='ltr'><strong>vitream.</strong></span> <span class='ocrx_word' id='word_1_144' title='bbox 510 1657 597 1737; x_wconf 84' lang='lat' dir='ltr'><strong>plane</strong></span> <span class='ocrx_word' id='word_1_145' title='bbox 611 1656 639 1718; x_wconf 89' lang='lat' dir='ltr'><strong>si</strong></span> <span class='ocrx_word' id='word_1_146' title='bbox 653 1657 741 1720; x_wconf 88' lang='lat' dir='ltr'><strong>filiam</strong></span> <span class='ocrx_word' id='word_1_147' title='bbox 752 1656 902 1730; x_wconf 87' lang='lat' dir='ltr'><strong>haberem,</strong></span> <span class='ocrx_word' id='word_1_148' title='bbox 918 1657 1064 1719; x_wconf 83' lang='lat' dir='ltr'><strong>auriculas</strong></span> <span class='ocrx_word' id='word_1_149' title='bbox 1075 1657 1117 1718; x_wconf 92' lang='lat' dir='ltr'><strong>illi</strong></span> <span class='ocrx_word' id='word_1_150' title='bbox 1128 1677 1215 1737; x_wconf 85' lang='lat' dir='ltr'><strong>prae-</strong></span> 
     </span>
     <span class='ocr_line' id='line_1_20' title="bbox 151 1741 1215 1821; baseline -0.002 -15"><span class='ocrx_word' id='word_1_151' title='bbox 151 1743 292 1808; x_wconf 87' lang='lat' dir='ltr'><strong>ciderem.</strong></span> <span class='ocrx_word' id='word_1_152' title='bbox 326 1743 466 1806; x_wconf 85' lang='lat' dir='ltr'><strong>mulieres</strong></span> <span class='ocrx_word' id='word_1_153' title='bbox 481 1742 507 1804; x_wconf 93' lang='lat' dir='ltr'><strong>si</strong></span> <span class='ocrx_word' id='word_1_154' title='bbox 527 1761 590 1805; x_wconf 91' lang='lat' dir='ltr'><strong>non</strong></span> <span class='ocrx_word' id='word_1_155' title='bbox 613 1751 723 1816; x_wconf 89' lang='lat' dir='ltr'><strong>essent,</strong></span> <span class='ocrx_word' id='word_1_156' title='bbox 747 1741 847 1803; x_wconf 90' lang='lat' dir='ltr'><strong>omnia</strong></span> <span class='ocrx_word' id='word_1_157' title='bbox 867 1760 921 1821; x_wconf 91' lang='lat' dir='ltr'><strong>pro</strong></span> <span class='ocrx_word' id='word_1_158' title='bbox 944 1743 1005 1804; x_wconf 89' lang='lat' dir='ltr'><strong>luto</strong></span> <span class='ocrx_word' id='word_1_159' title='bbox 1021 1742 1215 1819; x_wconf 82' lang='lat' dir='ltr'><strong>haberemus3</strong></span> 
     </span>
     <span class='ocr_line' id='line_1_21' title="bbox 151 1826 960 1906; baseline -0.006 -12"><span class='ocrx_word' id='word_1_160' title='bbox 151 1847 235 1894; x_wconf 89' lang='lat' dir='ltr'><strong>nuuc</strong></span> <span class='ocrx_word' id='word_1_161' title='bbox 248 1829 305 1892; x_wconf 91' lang='lat' dir='ltr'><strong>boc</strong></span> <span class='ocrx_word' id='word_1_162' title='bbox 320 1836 366 1891; x_wconf 88' lang='lat' dir='ltr'><strong>est</strong></span> <span class='ocrx_word' id='word_1_163' title='bbox 379 1828 497 1894; x_wconf 89' lang='lat' dir='ltr'><strong>caldum</strong></span> <span class='ocrx_word' id='word_1_164' title='bbox 512 1827 622 1890; x_wconf 86' lang='lat' dir='ltr'><strong>meiere</strong></span> <span class='ocrx_word' id='word_1_165' title='bbox 638 1835 668 1888; x_wconf 88' lang='lat' dir='ltr'><strong>et</strong></span> <span class='ocrx_word' id='word_1_166' title='bbox 681 1826 822 1906; x_wconf 71' lang='lat' dir='ltr'><strong>Frigidum</strong></span> <span class='ocrx_word' id='word_1_167' title='bbox 839 1826 960 1906; x_wconf 69' lang='lat' dir='ltr'><strong>potare*</strong></span> 
     </span>
     <span class='ocr_line' id='line_1_22' title="bbox 99 1911 1216 1995; baseline -0.005 -15"><span class='ocrx_word' id='word_1_168' title='bbox 99 1929 135 1980; x_wconf 77' lang='lat' dir='ltr'><strong>ao</strong></span> <span class='ocrx_word' id='word_1_169' title='bbox 238 1913 359 1978; x_wconf 89' lang='lat' dir='ltr'><strong>interim</strong></span> <span class='ocrx_word' id='word_1_170' title='bbox 376 1914 515 1978; x_wconf 86' lang='lat' dir='ltr'><strong>mulieres</strong></span> <span class='ocrx_word' id='word_1_171' title='bbox 530 1913 646 1976; x_wconf 86' lang='lat' dir='ltr'><strong>sauciae</strong></span> <span class='ocrx_word' id='word_1_172' title='bbox 658 1913 738 1976; x_wconf 84' lang='lat' dir='ltr'><strong>inter</strong></span> <span class='ocrx_word' id='word_1_173' title='bbox 753 1931 786 1974; x_wconf 91' lang='lat' dir='ltr'><strong>se</strong></span> <span class='ocrx_word' id='word_1_174' title='bbox 797 1912 928 1974; x_wconf 89' lang='lat' dir='ltr'><strong>riserunt</strong></span> <span class='ocrx_word' id='word_1_175' title='bbox 939 1911 1097 1995; x_wconf 90' lang='lat' dir='ltr'><strong>ebriaeque</strong></span> <span class='ocrx_word' id='word_1_176' title='bbox 1110 1914 1216 1975; x_wconf 83' lang='lat' dir='ltr'><strong>iunxe-</strong></span> 
     </span>
     <span class='ocr_line' id='line_1_23' title="bbox 152 1998 1215 2078; baseline 0.002 -18"><span class='ocrx_word' id='word_1_177' title='bbox 152 2008 223 2064; x_wconf 87' lang='lat' dir='ltr'><strong>ruut</strong></span> <span class='ocrx_word' id='word_1_178' title='bbox 235 2000 344 2072; x_wconf 89' lang='lat' dir='ltr'><strong>oscula,</strong></span> <span class='ocrx_word' id='word_1_179' title='bbox 360 2001 434 2063; x_wconf 91' lang='lat' dir='ltr'><strong>dum</strong></span> <span class='ocrx_word' id='word_1_180' title='bbox 449 2001 541 2062; x_wconf 90' lang='lat' dir='ltr'><strong>altera</strong></span> <span class='ocrx_word' id='word_1_181' title='bbox 557 1998 738 2078; x_wconf 84' lang='lat' dir='ltr'><strong>diligentiam</strong></span> <span class='ocrx_word' id='word_1_182' title='bbox 756 1998 859 2062; x_wconf 89' lang='lat' dir='ltr'><strong>matris</strong></span> <span class='ocrx_word' id='word_1_183' title='bbox 872 1999 1001 2063; x_wconf 82' lang='lat' dir='ltr'><strong>familiae</strong></span> <span class='ocrx_word' id='word_1_184' title='bbox 1011 2000 1109 2074; x_wconf 75' lang='lat' dir='ltr'><strong>metat,</strong></span> <span class='ocrx_word' id='word_1_185' title='bbox 1124 2000 1215 2062; x_wconf 90' lang='lat' dir='ltr'><strong>altera</strong></span> 
     </span>
     <span class='ocr_line' id='line_1_24' title="bbox 153 2084 1216 2164; baseline 0 -16"><span class='ocrx_word' id='word_1_186' title='bbox 153 2085 270 2152; x_wconf 82' lang='lat' dir='ltr'><strong>delicias</strong></span> <span class='ocrx_word' id='word_1_187' title='bbox 285 2093 317 2148; x_wconf 86' lang='lat' dir='ltr'><strong>et</strong></span> <span class='ocrx_word' id='word_1_188' title='bbox 336 2085 553 2164; x_wconf 80' lang='lat' dir='ltr'><strong>indiligentiam</strong></span> <span class='ocrx_word' id='word_1_189' title='bbox 565 2084 628 2146; x_wconf 82' lang='lat' dir='ltr'><strong>riri</strong></span> <span class='ocrx_word' id='word_1_190' title='bbox 661 2085 794 2164; x_wconf 89' lang='lat' dir='ltr'><strong>dumque</strong></span> <span class='ocrx_word' id='word_1_191' title='bbox 814 2084 856 2146; x_wconf 91' lang='lat' dir='ltr'><strong>sic</strong></span> <span class='ocrx_word' id='word_1_192' title='bbox 876 2085 1045 2158; x_wconf 87' lang='lat' dir='ltr'><strong>cohaerent,</strong></span> <span class='ocrx_word' id='word_1_193' title='bbox 1065 2084 1216 2148; x_wconf 87' lang='lat' dir='ltr'><strong>Habinnas</strong></span> 
     </span>
     <span class='ocr_line' id='line_1_25' title="bbox 151 2170 1216 2252; baseline 0 -20"><span class='ocrx_word' id='word_1_194' title='bbox 151 2170 255 2236; x_wconf 73' lang='lat' dir='ltr'><strong>lurum</strong></span> <span class='ocrx_word' id='word_1_195' title='bbox 271 2171 459 2236; x_wconf 82' lang='lat' dir='ltr'><strong>consurrexit</strong></span> <span class='ocrx_word' id='word_1_196' title='bbox 474 2172 624 2252; x_wconf 85' lang='lat' dir='ltr'><strong>pedesque</strong></span> <span class='ocrx_word' id='word_1_197' title='bbox 638 2171 816 2234; x_wconf 77' lang='lat' dir='ltr'><strong>Fortunatae</strong></span> <span class='ocrx_word' id='word_1_198' title='bbox 832 2177 986 2251; x_wconf 85' lang='lat' dir='ltr'><strong>correptos</strong></span> <span class='ocrx_word' id='word_1_199' title='bbox 1003 2173 1216 2252; x_wconf 88' lang='lat' dir='ltr'><strong>superlectum</strong></span> 
     </span>
     <span class='ocr_line' id='line_1_26' title="bbox 151 2255 1215 2338; baseline -0.004 -16"><span class='ocrx_word' id='word_1_200' title='bbox 151 2256 284 2322; x_wconf 81' lang='lat' dir='ltr'><strong>immisit</strong></span> <span class='ocrx_word' id='word_1_201' title='bbox 318 2263 366 2319; x_wconf 83' lang='lat' dir='ltr'><strong>‘au</strong></span> <span class='ocrx_word' id='word_1_202' title='bbox 380 2256 425 2320; x_wconf 83' lang='lat' dir='ltr'><strong>au&#39;</strong></span> <span class='ocrx_word' id='word_1_203' title='bbox 442 2255 490 2321; x_wconf 87' lang='lat' dir='ltr'><strong>illa</strong></span> <span class='ocrx_word' id='word_1_204' title='bbox 504 2257 696 2336; x_wconf 81' lang='lat' dir='ltr'><strong>proclamavit</strong></span> <span class='ocrx_word' id='word_1_205' title='bbox 711 2257 869 2318; x_wconf 87' lang='lat' dir='ltr'><strong>aberrante</strong></span> <span class='ocrx_word' id='word_1_206' title='bbox 888 2256 989 2319; x_wconf 89' lang='lat' dir='ltr'><strong>tunica</strong></span> <span class='ocrx_word' id='word_1_207' title='bbox 1005 2276 1096 2338; x_wconf 85' lang='lat' dir='ltr'><strong>super</strong></span> <span class='ocrx_word' id='word_1_208' title='bbox 1111 2275 1215 2336; x_wconf 79' lang='lat' dir='ltr'><strong>genua.</strong></span> 
     </span>
     <span class='ocr_line' id='line_1_27' title="bbox 97 2340 1216 2422; baseline -0.001 -18"><span class='ocrx_word' id='word_1_209' title='bbox 97 2359 131 2412; x_wconf 80' lang='lat'><strong>25</strong></span> <span class='ocrx_word' id='word_1_210' title='bbox 151 2340 315 2422; x_wconf 90' lang='lat' dir='ltr'><strong>composita</strong></span> <span class='ocrx_word' id='word_1_211' title='bbox 332 2359 401 2420; x_wconf 78' lang='lat' dir='ltr'><strong>ergo</strong></span> <span class='ocrx_word' id='word_1_212' title='bbox 416 2341 448 2404; x_wconf 91' lang='lat' dir='ltr'><strong>iu</strong></span> <span class='ocrx_word' id='word_1_213' title='bbox 463 2341 576 2422; x_wconf 81' lang='lat' dir='ltr'><strong>gremio</strong></span> <span class='ocrx_word' id='word_1_214' title='bbox 597 2341 747 2404; x_wconf 87' lang='lat' dir='ltr'><strong>Scintillae</strong></span> <span class='ocrx_word' id='word_1_215' title='bbox 761 2341 1000 2406; x_wconf 88' lang='lat' dir='ltr'><strong>incensissimam</strong></span> <span class='ocrx_word' id='word_1_216' title='bbox 1020 2344 1131 2405; x_wconf 84' lang='lat' dir='ltr'><strong>rubore</strong></span> <span class='ocrx_word' id='word_1_217' title='bbox 1145 2343 1216 2406; x_wconf 89' lang='lat' dir='ltr'><strong>laci-</strong></span> 
     </span>
     <span class='ocr_line' id='line_1_28' title="bbox 151 2427 513 2492; baseline 0 -4"><span class='ocrx_word' id='word_1_218' title='bbox 151 2447 199 2488; x_wconf 87' lang='lat' dir='ltr'><strong>em</strong></span> <span class='ocrx_word' id='word_1_219' title='bbox 215 2427 335 2490; x_wconf 88' lang='lat' dir='ltr'><strong>sudario</strong></span> <span class='ocrx_word' id='word_1_220' title='bbox 350 2428 513 2492; x_wconf 84' lang='lat' dir='ltr'><strong>abscondit.</strong></span> 
     </span>
     <span class='ocr_line' id='line_1_29' title="bbox 236 2512 1269 2594; baseline 0.003 -20"><span class='ocrx_word' id='word_1_221' title='bbox 236 2513 411 2594; x_wconf 89' lang='lat' dir='ltr'><strong>interposito</strong></span> <span class='ocrx_word' id='word_1_222' title='bbox 427 2513 533 2576; x_wconf 88' lang='lat' dir='ltr'><strong>deiude</strong></span> <span class='ocrx_word' id='word_1_223' title='bbox 547 2513 643 2592; x_wconf 88' lang='lat' dir='ltr'><strong>spatio</strong></span> <span class='ocrx_word' id='word_1_224' title='bbox 659 2531 727 2574; x_wconf 90' lang='lat' dir='ltr'><strong>cum</strong></span> <span class='ocrx_word' id='word_1_225' title='bbox 742 2512 888 2576; x_wconf 89' lang='lat' dir='ltr'><strong>secundas</strong></span> <span class='ocrx_word' id='word_1_226' title='bbox 904 2531 1026 2575; x_wconf 86' lang='lat' dir='ltr'><strong>mensas</strong></span> <span class='ocrx_word' id='word_1_227' title='bbox 1038 2513 1216 2576; x_wconf 83' lang='lat' dir='ltr'><strong>Trimalchio</strong></span> <span class='ocrx_word' id='word_1_228' title='bbox 1229 2514 1269 2577; x_wconf 85' lang='grc'><strong>68</strong></span> 
     </span>
     <span class='ocr_line' id='line_1_30' title="bbox 150 2597 1217 2672; baseline -0.002 -10"><span class='ocrx_word' id='word_1_229' title='bbox 150 2599 286 2664; x_wconf 87' lang='lat' dir='ltr'><strong>iussisset</strong></span> <span class='ocrx_word' id='word_1_230' title='bbox 302 2598 409 2672; x_wconf 88' lang='lat' dir='ltr'><strong>allerri,</strong></span> <span class='ocrx_word' id='word_1_231' title='bbox 425 2599 614 2662; x_wconf 81' lang='lat' dir='ltr'><strong>smtmerunt</strong></span> <span class='ocrx_word' id='word_1_232' title='bbox 629 2597 707 2659; x_wconf 81' lang='lat' dir='ltr'><strong>servi</strong></span> <span class='ocrx_word' id='word_1_233' title='bbox 721 2615 827 2658; x_wconf 90' lang='lat' dir='ltr'><strong>omues</strong></span> <span class='ocrx_word' id='word_1_234' title='bbox 841 2616 961 2660; x_wconf 91' lang='lat' dir='ltr'><strong>mensas</strong></span> <span class='ocrx_word' id='word_1_235' title='bbox 977 2607 1007 2660; x_wconf 90' lang='lat' dir='ltr'><strong>et</strong></span> <span class='ocrx_word' id='word_1_236' title='bbox 1021 2599 1092 2661; x_wconf 90' lang='lat' dir='ltr'><strong>alias</strong></span> <span class='ocrx_word' id='word_1_237' title='bbox 1107 2601 1217 2660; x_wconf 88' lang='lat' dir='ltr'><strong>attule-</strong></span> 
     </span>
     <span class='ocr_line' id='line_1_31' title="bbox 151 2682 1217 2765; baseline -0.002 -17"><span class='ocrx_word' id='word_1_238' title='bbox 151 2691 232 2755; x_wconf 87' lang='lat' dir='ltr'><strong>ruut,</strong></span> <span class='ocrx_word' id='word_1_239' title='bbox 253 2684 434 2765; x_wconf 86' lang='lat' dir='ltr'><strong>scobemque</strong></span> <span class='ocrx_word' id='word_1_240' title='bbox 454 2703 541 2748; x_wconf 85' lang='lat' dir='ltr'><strong>cmco</strong></span> <span class='ocrx_word' id='word_1_241' title='bbox 562 2691 592 2745; x_wconf 89' lang='lat' dir='ltr'><strong>et</strong></span> <span class='ocrx_word' id='word_1_242' title='bbox 613 2683 706 2744; x_wconf 90' lang='lat' dir='ltr'><strong>minio</strong></span> <span class='ocrx_word' id='word_1_243' title='bbox 727 2682 851 2745; x_wconf 89' lang='lat' dir='ltr'><strong>tinctam</strong></span> <span class='ocrx_word' id='word_1_244' title='bbox 870 2692 1045 2762; x_wconf 87' lang='lat' dir='ltr'><strong>sparserunt</strong></span> <span class='ocrx_word' id='word_1_245' title='bbox 1068 2691 1111 2756; x_wconf 91' lang='lat' dir='ltr'><strong>et,</strong></span> <span class='ocrx_word' id='word_1_246' title='bbox 1136 2685 1217 2765; x_wconf 90' lang='lat' dir='ltr'><strong>qued</strong></span> 
     </span>
     <span class='ocr_line' id='line_1_32' title="bbox 98 2768 1216 2850; baseline -0.006 -14"><span class='ocrx_word' id='word_1_247' title='bbox 98 2785 134 2838; x_wconf 80' lang='lat' dir='ltr'><strong>au</strong></span> <span class='ocrx_word' id='word_1_248' title='bbox 152 2777 393 2850; x_wconf 77' lang='lat' dir='ltr'><strong>conquassante</strong></span> <span class='ocrx_word' id='word_1_249' title='bbox 412 2771 552 2847; x_wconf 73' lang='lat' dir='ltr'><strong>udaeam,</strong></span> <span class='ocrx_word' id='word_1_250' title='bbox 580 2788 615 2831; x_wconf 87' lang='lat' dir='ltr'><strong>eu</strong></span> <span class='ocrx_word' id='word_1_251' title='bbox 635 2768 732 2849; x_wconf 89' lang='lat' dir='ltr'><strong>lapide</strong></span> <span class='ocrx_word' id='word_1_252' title='bbox 752 2769 898 2850; x_wconf 90' lang='lat' dir='ltr'><strong>speculari</strong></span> <span class='ocrx_word' id='word_1_253' title='bbox 923 2771 1076 2850; x_wconf 89' lang='lat' dir='ltr'><strong>pulverem</strong></span> <span class='ocrx_word' id='word_1_254' title='bbox 1102 2770 1216 2832; x_wconf 88' lang='lat' dir='ltr'><strong>tritum.</strong></span> 
     </span>
     <span class='ocr_line' id='line_1_33' title="bbox 151 2854 1218 2936; baseline -0.002 -18"><span class='ocrx_word' id='word_1_255' title='bbox 151 2855 253 2918; x_wconf 85' lang='lat' dir='ltr'><strong>statim</strong></span> <span class='ocrx_word' id='word_1_256' title='bbox 273 2854 451 2918; x_wconf 79' lang='lat' dir='ltr'><strong>Trimalchio</strong></span> <span class='ocrx_word' id='word_1_257' title='bbox 472 2862 617 2936; x_wconf 83' lang='lat' dir='ltr'><strong>‘poteram</strong></span> <span class='ocrx_word' id='word_1_258' title='bbox 642 2854 771 2934; x_wconf 85' lang='lat' dir='ltr'><strong>quidem’</strong></span> <span class='ocrx_word' id='word_1_259' title='bbox 799 2855 898 2936; x_wconf 90' lang='lat' dir='ltr'><strong>inquit</strong></span> <span class='ocrx_word' id='word_1_260' title='bbox 919 2858 986 2919; x_wconf 87' lang='lat' dir='ltr'><strong>‘hoc</strong></span> <span class='ocrx_word' id='word_1_261' title='bbox 1007 2856 1129 2919; x_wconf 81' lang='lat' dir='ltr'><strong>fericulo</strong></span> <span class='ocrx_word' id='word_1_262' title='bbox 1150 2874 1218 2916; x_wconf 91' lang='lat' dir='ltr'><strong>esse</strong></span> 
     </span>
     <span class='ocr_line' id='line_1_34' title="bbox 152 2940 1218 3023; baseline -0.002 -19"><span class='ocrx_word' id='word_1_263' title='bbox 152 2949 328 3014; x_wconf 66' lang='lat' dir='ltr'><strong>metentem</strong></span> <span class='ocrx_word' id='word_1_264' title='bbox 344 2942 489 3004; x_wconf 87' lang='lat' dir='ltr'><strong>secundas</strong></span> <span class='ocrx_word' id='word_1_265' title='bbox 505 2940 586 3003; x_wconf 91' lang='lat' dir='ltr'><strong>enim</strong></span> <span class='ocrx_word' id='word_1_266' title='bbox 602 2958 722 3002; x_wconf 88' lang='lat' dir='ltr'><strong>mensas</strong></span> <span class='ocrx_word' id='word_1_267' title='bbox 738 2940 860 3003; x_wconf 88' lang='lat' dir='ltr'><strong>hahetis.</strong></span> <span class='ocrx_word' id='word_1_268' title='bbox 895 2943 944 3003; x_wconf 79' lang='lat' dir='ltr'><strong>ced</strong></span> <span class='ocrx_word' id='word_1_269' title='bbox 958 2941 983 3004; x_wconf 90' lang='lat' dir='ltr'><strong>si</strong></span> <span class='ocrx_word' id='word_1_270' title='bbox 999 2943 1071 3023; x_wconf 90' lang='lat' dir='ltr'><strong>quid</strong></span> <span class='ocrx_word' id='word_1_271' title='bbox 1083 2941 1151 3006; x_wconf 84' lang='lat' dir='ltr'><strong>balb</strong></span> <span class='ocrx_word' id='word_1_272' title='bbox 1163 2943 1218 3003; x_wconf 91' lang='lat' dir='ltr'><strong>ha·</strong></span> 
     </span>
     <span class='ocr_line' id='line_1_35' title="bbox 151 3026 513 3100; baseline -0.003 -12"><span class='ocrx_word' id='word_1_273' title='bbox 151 3026 215 3100; x_wconf 87' lang='lat' dir='ltr'><strong>bes,</strong></span> <span class='ocrx_word' id='word_1_274' title='bbox 231 3026 321 3090; x_wconf 59' lang='lat' dir='ltr'><strong>aller?</strong></span> <span class='ocrx_word' id='word_1_275' title='bbox 508 3027 513 3036; x_wconf 85' lang='lat'>&#39;</span> 
     </span>
     <span class='ocr_line' id='line_1_36' title="bbox 237 3109 1218 3192; baseline -0.002 -17"><span class='ocrx_word' id='word_1_276' title='bbox 237 3112 359 3176; x_wconf 89' lang='lat' dir='ltr'><strong>iuterim</strong></span> <span class='ocrx_word' id='word_1_277' title='bbox 375 3130 449 3192; x_wconf 91' lang='lat' dir='ltr'><strong>puer</strong></span> <span class='ocrx_word' id='word_1_278' title='bbox 464 3109 690 3184; x_wconf 81' lang='lat' dir='ltr'><strong>Alexandrinus,</strong></span> <span class='ocrx_word' id='word_1_279' title='bbox 712 3110 764 3190; x_wconf 95' lang='lat' dir='ltr'><strong>qui</strong></span> <span class='ocrx_word' id='word_1_280' title='bbox 779 3111 891 3173; x_wconf 89' lang='lat' dir='ltr'><strong>caldam</strong></span> <span class='ocrx_word' id='word_1_281' title='bbox 907 3111 1104 3185; x_wconf 86' lang='lat' dir='ltr'><strong>ministrabat,</strong></span> <span class='ocrx_word' id='word_1_282' title='bbox 1126 3111 1218 3175; x_wconf 89' lang='lat' dir='ltr'><strong>lusci-</strong></span> 
     </span>
     <span class='ocr_line' id='line_1_37' title="bbox 100 3195 1217 3278; baseline -0.003 -18"><span class='ocrx_word' id='word_1_283' title='bbox 100 3216 133 3268; x_wconf 82' lang='lat' dir='ltr'><strong>as</strong></span> <span class='ocrx_word' id='word_1_284' title='bbox 151 3198 219 3260; x_wconf 86' lang='lat' dir='ltr'><strong>nias</strong></span> <span class='ocrx_word' id='word_1_285' title='bbox 232 3199 327 3278; x_wconf 90' lang='lat' dir='ltr'><strong>coepit</strong></span> <span class='ocrx_word' id='word_1_286' title='bbox 341 3197 451 3260; x_wconf 87' lang='lat' dir='ltr'><strong>imitari</strong></span> <span class='ocrx_word' id='word_1_287' title='bbox 465 3197 612 3260; x_wconf 88' lang='lat' dir='ltr'><strong>clamante</strong></span> <span class='ocrx_word' id='word_1_288' title='bbox 627 3195 845 3259; x_wconf 87' lang='lat' dir='ltr'><strong>Trimalchione</strong></span> <span class='ocrx_word' id='word_1_289' title='bbox 856 3196 999 3259; x_wconf 87' lang='lat' dir='ltr'><strong>subinde:</strong></span> <span class='ocrx_word' id='word_1_290' title='bbox 1016 3197 1127 3260; x_wconf 84' lang='lat' dir='ltr'><strong>‘muta&#39;.</strong></span> <span class='ocrx_word' id='word_1_291' title='bbox 1150 3217 1217 3260; x_wconf 87' lang='lat' dir='ltr'><strong>ecce</strong></span> 
     </span>
     <span class='ocr_line' id='line_1_38' title="bbox 152 3282 1217 3362; baseline -0.003 -16"><span class='ocrx_word' id='word_1_292' title='bbox 152 3284 228 3346; x_wconf 87' lang='lat' dir='ltr'><strong>alius</strong></span> <span class='ocrx_word' id='word_1_293' title='bbox 242 3284 341 3347; x_wconf 84' lang='lat' dir='ltr'><strong>ludus.</strong></span> <span class='ocrx_word' id='word_1_294' title='bbox 374 3301 477 3346; x_wconf 79' lang='lat' dir='ltr'><strong>sernas</strong></span> <span class='ocrx_word' id='word_1_295' title='bbox 494 3283 546 3362; x_wconf 94' lang='lat' dir='ltr'><strong>qui</strong></span> <span class='ocrx_word' id='word_1_296' title='bbox 561 3282 597 3345; x_wconf 89' lang='lat' dir='ltr'><strong>ad</strong></span> <span class='ocrx_word' id='word_1_297' title='bbox 613 3283 703 3362; x_wconf 82' lang='lat' dir='ltr'><strong>pedes</strong></span> <span class='ocrx_word' id='word_1_298' title='bbox 714 3282 870 3344; x_wconf 89' lang='lat' dir='ltr'><strong>Habinnae</strong></span> <span class='ocrx_word' id='word_1_299' title='bbox 882 3282 1010 3356; x_wconf 89' lang='lat' dir='ltr'><strong>sedehat,</strong></span> <span class='ocrx_word' id='word_1_300' title='bbox 1026 3283 1134 3353; x_wconf 87' lang='lat' dir='ltr'><strong>iussus,</strong></span> <span class='ocrx_word' id='word_1_301' title='bbox 1151 3302 1217 3344; x_wconf 87' lang='lat' dir='ltr'><strong>cre-</strong></span> 
     </span>
     <span class='ocr_line' id='line_1_39' title="bbox 153 3367 983 3452; baseline -0.006 -20"><span class='ocrx_word' id='word_1_302' title='bbox 153 3370 201 3441; x_wconf 91' lang='lat' dir='ltr'><strong>do,</strong></span> <span class='ocrx_word' id='word_1_303' title='bbox 216 3388 233 3430; x_wconf 93' lang='lat' dir='ltr'><strong>a</strong></span> <span class='ocrx_word' id='word_1_304' title='bbox 248 3369 372 3432; x_wconf 86' lang='lat' dir='ltr'><strong>domino</strong></span> <span class='ocrx_word' id='word_1_305' title='bbox 386 3387 442 3432; x_wconf 90' lang='lat' dir='ltr'><strong>auo</strong></span> <span class='ocrx_word' id='word_1_306' title='bbox 457 3368 647 3452; x_wconf 81' lang='lat' dir='ltr'><strong>proclamavit</strong></span> <span class='ocrx_word' id='word_1_307' title='bbox 660 3367 761 3430; x_wconf 88' lang='lat' dir='ltr'><strong>subito</strong></span> <span class='ocrx_word' id='word_1_308' title='bbox 776 3386 882 3432; x_wconf 83' lang='lat' dir='ltr'><strong>canore</strong></span> <span class='ocrx_word' id='word_1_309' title='bbox 899 3385 983 3430; x_wconf 85' lang='lat' dir='ltr'><strong>voce:</strong></span> 
     </span>
     <span class='ocr_line' id='line_1_40' title="bbox 319 3451 1059 3518; baseline -0.001 -4"><span class='ocrx_word' id='word_1_310' title='bbox 319 3454 442 3518; x_wconf 83' lang='lat' dir='ltr'><strong>‘interea</strong></span> <span class='ocrx_word' id='word_1_311' title='bbox 458 3455 590 3518; x_wconf 83' lang='lat' dir='ltr'><strong>medium</strong></span> <span class='ocrx_word' id='word_1_312' title='bbox 606 3454 722 3516; x_wconf 78' lang='lat' dir='ltr'><strong>Aeneas</strong></span> <span class='ocrx_word' id='word_1_313' title='bbox 736 3454 795 3516; x_wconf 89' lang='lat' dir='ltr'><strong>iam</strong></span> <span class='ocrx_word' id='word_1_314' title='bbox 811 3454 906 3516; x_wconf 88' lang='lat' dir='ltr'><strong>classe</strong></span> <span class='ocrx_word' id='word_1_315' title='bbox 921 3451 1059 3514; x_wconf 88' lang='lat' dir='ltr'><strong>tenebat&#39;</strong></span> 
     </span>
     <span class='ocr_line' id='line_1_41' title="bbox 151 3538 1217 3621; baseline -0.006 -17"><span class='ocrx_word' id='word_1_316' title='bbox 151 3539 253 3604; x_wconf 88' lang='lat' dir='ltr'><strong>nullus</strong></span> <span class='ocrx_word' id='word_1_317' title='bbox 268 3557 361 3602; x_wconf 90' lang='lat' dir='ltr'><strong>sonus</strong></span> <span class='ocrx_word' id='word_1_318' title='bbox 376 3557 512 3621; x_wconf 87' lang='lat' dir='ltr'><strong>uuquam</strong></span> <span class='ocrx_word' id='word_1_319' title='bbox 526 3538 637 3602; x_wconf 91' lang='lat' dir='ltr'><strong>acidior</strong></span> <span class='ocrx_word' id='word_1_320' title='bbox 657 3541 803 3619; x_wconf 85' lang='lat' dir='ltr'><strong>percussit</strong></span> <span class='ocrx_word' id='word_1_321' title='bbox 817 3559 905 3602; x_wconf 88' lang='lat' dir='ltr'><strong>aures</strong></span> <span class='ocrx_word' id='word_1_322' title='bbox 928 3557 1026 3614; x_wconf 64' lang='lat' dir='ltr'><strong>measa</strong></span> <span class='ocrx_word' id='word_1_323' title='bbox 1046 3555 1114 3600; x_wconf 85' lang='lat' dir='ltr'><strong>uam</strong></span> <span class='ocrx_word' id='word_1_324' title='bbox 1130 3555 1217 3617; x_wconf 91' lang='lat' dir='ltr'><strong>prae-</strong></span> 
     </span>
     <span class='ocr_line' id='line_1_42' title="bbox 99 3624 1217 3698; baseline -0.002 -12"><span class='ocrx_word' id='word_1_325' title='bbox 99 3646 132 3698; x_wconf 77' lang='lat'><strong>40</strong></span> <span class='ocrx_word' id='word_1_326' title='bbox 151 3633 200 3686; x_wconf 84' lang='lat' dir='ltr'><strong>ter</strong></span> <span class='ocrx_word' id='word_1_327' title='bbox 220 3624 372 3688; x_wconf 88' lang='lat' dir='ltr'><strong>recitantis</strong></span> <span class='ocrx_word' id='word_1_328' title='bbox 392 3625 527 3688; x_wconf 89' lang='lat' dir='ltr'><strong>barbarie</strong></span> <span class='ocrx_word' id='word_1_329' title='bbox 547 3631 599 3687; x_wconf 93' lang='lat' dir='ltr'><strong>aut</strong></span> <span class='ocrx_word' id='word_1_330' title='bbox 613 3624 762 3686; x_wconf 92' lang='lat' dir='ltr'><strong>adiectum</strong></span> <span class='ocrx_word' id='word_1_331' title='bbox 776 3631 828 3688; x_wconf 91' lang='lat' dir='ltr'><strong>aut</strong></span> <span class='ocrx_word' id='word_1_332' title='bbox 844 3624 1032 3688; x_wconf 92' lang='lat' dir='ltr'><strong>deminutum</strong></span> <span class='ocrx_word' id='word_1_333' title='bbox 1056 3625 1217 3685; x_wconf 88' lang='lat' dir='ltr'><strong>clamorem</strong></span> 
     </span>
    </p>
   </div>
   <div class='ocr_carea' id='block_1_4' title="bbox 152 3827 1218 3966">
    <p class='ocr_par' dir='ltr' id='par_1_4' title="bbox 152 3827 1218 3966">
     <span class='ocr_line' id='line_1_43' title="bbox 221 3827 1218 3898; baseline -0.001 -18"><span class='ocrx_word' id='word_1_334' title='bbox 221 3827 425 3882; x_wconf 75' lang='lat' dir='ltr'><strong>dormierimus</strong></span> <span class='ocrx_word' id='word_1_335' title='bbox 445 3831 553 3882; x_wconf 72' lang='grc' dir='ltr'><strong>ΙεΙιπέιιε</strong></span> <span class='ocrx_word' id='word_1_336' title='bbox 565 3827 574 3897; x_wconf 77' lang='lat' dir='ltr'><strong>ll</strong></span> <span class='ocrx_word' id='word_1_337' title='bbox 595 3828 626 3882; x_wconf 84' lang='lat' dir='ltr'><strong>tt</strong></span> <span class='ocrx_word' id='word_1_338' title='bbox 642 3829 794 3880; x_wconf 83' lang='lat' dir='ltr'><strong>circulatam</strong></span> <span class='ocrx_word' id='word_1_339' title='bbox 807 3829 817 3896; x_wconf 78' lang='lat' dir='ltr'><strong>ll</strong></span> <span class='ocrx_word' id='word_1_340' title='bbox 830 3829 862 3881; x_wconf 70' lang='lat'><strong>23</strong></span> <span class='ocrx_word' id='word_1_341' title='bbox 879 3838 1009 3882; x_wconf 87' lang='lat' dir='ltr'><strong>correctos</strong></span> <span class='ocrx_word' id='word_1_342' title='bbox 1023 3829 1032 3898; x_wconf 76' lang='lat' dir='ltr'><strong>ll</strong></span> <span class='ocrx_word' id='word_1_343' title='bbox 1049 3831 1080 3880; x_wconf 81' lang='lat'><strong>25</strong></span> <span class='ocrx_word' id='word_1_344' title='bbox 1098 3830 1218 3882; x_wconf 75' lang='lat' dir='ltr'><strong>indecens</strong></span> 
     </span>
     <span class='ocr_line' id='line_1_44' title="bbox 152 3895 798 3966; baseline 0.002 -18"><span class='ocrx_word' id='word_1_345' title='bbox 152 3897 229 3948; x_wconf 79' lang='lat' dir='ltr'><strong>imam</strong></span> <span class='ocrx_word' id='word_1_346' title='bbox 242 3895 251 3965; x_wconf 90' lang='grc' dir='ltr'><strong>ΙΙ</strong></span> <span class='ocrx_word' id='word_1_347' title='bbox 265 3897 297 3948; x_wconf 82' lang='grc'><strong>29</strong></span> <span class='ocrx_word' id='word_1_348' title='bbox 311 3897 475 3966; x_wconf 88' lang='lat' dir='ltr'><strong>scrobemque</strong></span> <span class='ocrx_word' id='word_1_349' title='bbox 488 3896 497 3966; x_wconf 76' lang='lat' dir='ltr'><strong>ll</strong></span> <span class='ocrx_word' id='word_1_350' title='bbox 510 3897 798 3950; x_wconf 67' lang='lat' dir='ltr'><strong>rosenmullerus·</strong></span> 
     </span>
    </p>
   </div>
   <div class='ocr_carea' id='block_1_5' title="bbox 0 0 1440 4344">
    <p class='ocr_par' dir='ltr' id='par_1_5' title="bbox 0 0 1440 4344">
     <span class='ocr_line' id='line_1_45' title="bbox 0 0 1440 4344; baseline 0 0"><span class='ocrx_word' id='word_1_351' title='bbox 0 0 1440 4344; x_wconf 95' lang='lat' dir='ltr'><strong> </strong></span> 
     </span>
    </p>
   </div>
  </div>
 </body>
</html>
