2838 4348
528 105 845 162 APOCOLOCYNTOSIS
1153 111 1216 172 227

146 264 350 328 delectabatur
364 265 499 326 laudibus
515 265 576 326 suis
593 264 732 326 Claudius
748 270 777 324 et
793 263 929 343 cupiebat
944 265 1054 328 diutius
1070 263 1257 345 spectare.13

126 345 231 412 'inicit
246 349 286 411 illi
310 367 431 412 uranum
448 349 621 431 Talthybius
644 351 768 411 deorum
793 349 935 428 [nuntius]
961 359 989 413 et
1011 351 1101 414 trahit
1120 351 1215 430 capite

143 435 297 507 obvoluto,
313 453 351 497 ne
368 435 520 515 quiscum
537 435 634 517 possit
649 452 817 516 agnoscere,
840 453 894 516 per
915 455 1055 518 campum
1074 435 1214 498 blartium

143 530 174 584 et
191 521 271 584 inter
286 519 419 583 Tiberim
435 531 465 584 et
480 522 556 583 viam
573 528 682 584 tectam
697 519 851 584 deseendit
871 522 913 582 arl-
931 523 1053 584 inleros.
1077 529 1214 585 anteces-

108 621 123 670 5
145 615 227 670 serat
238 607 298 668 iam
311 607 531 688 compendiaria
539 607 696 670 Narcissus
708 606 831 668 libertus
844 607 881 669 ad
893 611 1054 688 patronum
1066 607 1215 689 excipien-

145 695 219 757 dum
237 701 268 754 et
283 691 414 757 venienti
429 693 551 768 nitidus,
568 702 602 755 ut
617 701 680 774 erat
695 712 711 754 a
725 691 853 767 balineo,
870 694 999 756 occurrit
1013 704 1043 756 et
1058 695 1113 756 ait:
1136 691 1216 774 ‘quid

147 781 177 842 di
189 780 224 842 ad
237 775 405 842 bominesl’
421 779 565 842 ‘celerius'
578 779 847 860 inquitllercurius
860 785 900 842 ‘et
911 780 1012 842 venire
1023 799 1079 842 nos
1092 778 1215 842 nuntia'.

146 868 227 952 elicto
243 865 329 928 citius
340 865 495 928 Narcissus
507 866 611 928 evolat.
628 866 726 929 omnia
741 865 882 945 proclivia
897 873 977 940 sunt,
992 866 1077 928 facile
1092 864 1216 927 descen·

146 955 237 1016 ditur.
261 952 361 1032 itaque
377 951 513 1031 quamvis
528 952 704 1032 podagricus
721 960 807 1026 esset,
824 959 978 1013 momento
994 952 1137 1032 temporis
1148 969 1217 1032 per—

97 1047 128 1101 10
147 1037 229 1100 venit
245 1037 279 1098 ad
295 1037 414 1116 ianuam
430 1035 515 1111 bitis,
539 1036 714 1100 ubiiaeebat
736 1037 882 1100 Cerberus
896 1037 942 1100 vel
962 1037 1055 1100 utait
1077 1037 1217 1099 Horatius

147 1124 246 1186 ‘belua
261 1118 430 1204 centiceps’.
460 1123 600 1203 pusillum
621 1121 815 1204 perturbatur
829 1123 1038 1186 -subalbam
1062 1141 1166 1186 canem
1186 1122 1217 1183 in

150 1209 262 1272 deliciis
269 1209 379 1271 babere
394 1209 567 1272 adsueverat
578 1217 661 1271 -ut
675 1208 760 1272 illurn
775 1208 847 1272 vidit
862 1225 966 1272 canem
982 1210 1111 1290 nigrum,
1133 1207 1217 1270 villo-

146 1315 226 1369 sum,
250 1312 320 1358 sano
336 1314 397 1357 non
414 1313 503 1374 quem
525 1295 595 1356 velis
611 1295 665 1357 tibi
681 1295 711 1356 iu
727 1295 858 1358 tenebris
873 1314 1039 1358 occurrere.
1066 1303 1097 1358 et
1112 1311 1218 1375 magna

148 1400 221 1444 voce
232 1379 388 1444 ‘Claudius'
404 1381 501 1460 inquit
517 1379 643 1443 ‘reniet'.
667 1399 735 1443 cum
748 1381 855 1462 plausu
867 1381 1034 1462 procedunt
1049 1389 1218 1443 cantantes:
1231 1386 1236 1404 ⁸

99 1480 130 1531 15
149 1459 336 1550 εὑρήκαμεν,
363 1461 585 1550 συγχαίρομεν.
608 1467 656 1530 bic
678 1475 741 1530 erat
764 1467 793 1530 C.
812 1467 902 1530 Silius
917 1467 1023 1530 consul
1039 1467 1220 1548 designatos,

149 1553 262 1616 laneus
276 1553 453 1633 praetorius,
469 1552 537 1614 Sex.
551 1554 685 1627 Traulus,
701 1551 738 1616 bl.
751 1553 880 1630 Helvius,
897 1553 1023 1631 Trogus,
1039 1553 1133 1626 Cotta,
1149 1553 1220 1614 Vet-

150 1639 212 1702 tios
224 1639 340 1712 Valens,
355 1638 464 1702 Fabius
480 1639 593 1718 equites
605 1639 639 1700 ll.
656 1656 732 1719 quos
741 1639 896 1700 Narcissus
911 1638 978 1700 duci
994 1639 1131 1701 iusserat.
1156 1657 1220 1700 me-

151 1725 218 1787 dius
240 1733 302 1786 erat
316 1724 347 1786 in
363 1725 417 1786 hac
432 1725 614 1788 mutantium
630 1725 715 1786 tauba
737 1725 870 1788 Mnester
894 1724 1106 1808 pantomimus,
1131 1743 1221 1804 quem
1277 1798 1281 1804 ¹

151 1811 289 1874 Claudius
305 1811 420 1872 decoris
436 1821 521 1872 causa
538 1812 686 1872 minorem
703 1812 812 1873 lecerat
828 1812 864 1873 ad
880 1809 1074 1872 Messalinam.
1100 1810 1156 1872 cito
1169 1829 1221 1871 ru-

98 1907 132 1956 nc
151 1915 219 1958 mor
232 1895 401 1977 percrebuit
414 1896 568 1958 Claudium
581 1896 707 1958 senisse.
740 1897 898 1960 convolant
913 1896 1002 1976 primi
1027 1897 1167 1958 omnium
1186 1897 1222 1956 ll-

152 1983 229 2044 berti
237 1982 384 2063 Polybius,
400 1982 511 2062 Myron,
528 1982 701 2064 Harpocras,
718 1983 896 2064 Amphaeus,
912 1982 1123 2055 Pheronactus,
1148 2001 1222 2062 quos

151 2069 289 2130 Claudius
310 2087 430 2141 ornnes,
456 2067 562 2130 necubi
582 2069 748 2150 imparatus
769 2079 857 2140 esset,
876 2069 1082 2149 praemiserat.
1114 2067 1222 2130 deinde

152 2154 295 2236 praelecti
312 2154 370 2216 duo
386 2155 485 2217 lustns
502 2154 643 2216 Catonius
660 2163 689 2216 et
708 2153 812 2218 Rufius
832 2154 994 2218 Pomlilius.
1024 2155 1132 2217 deinde
1147 2154 1222 2216 arni-

151 2241 177 2302 ei
197 2240 378 2303 Saturninus
395 2239 502 2302 Lusius
520 2249 549 2301 et
565 2241 644 2302 Pedo
661 2241 827 2320 Pompeius
843 2249 872 2302 et
886 2241 989 2320 Lupus
1005 2243 1034 2303 'et
1056 2241 1141 2302 Celer
1156 2239 1223 2301 Asi-

104 2339 137 2390 ao
156 2326 226 2388 nius
242 2325 422 2396 consulares.
444 2326 605 2388 novissime
629 2327 728 2388 fratris
744 2327 811 2404 filia,
828 2326 940 2389 sororis
955 2327 1023 2400 lilia,
1044 2325 1157 2406 generi,
1174 2337 1224 2386 so-

154 2412 224 2485 ceri,
242 2430 353 2482 socrus,
371 2430 476 2474 omnes
488 2411 575 2492 plane
592 2411 813 2492 consanguinei.
839 2421 868 2474 et
884 2413 999 2493 agmine
1011 2413 1086 2474 lacto
1103 2412 1224 2494 Claudio

154 2505 328 2560 occununt.
352 2516 428 2578 quos
446 2516 514 2560 cum
528 2497 651 2560 vidisset
663 2498 810 2571 Claudius,
826 2497 982 2560 exclamat:
998 2493 1108 2560 πάντα
1120 2492 1227 2581 φίλων

157 2579 278 2667 πλήρη,
317 2583 479 2665 ‘quomodo
506 2603 558 2644 vos
580 2585 639 2646 buc
661 2581 814 2645 venistis?
853 2592 916 2646 lum
943 2585 1024 2646 Pedo
1051 2583 1226 2664 Pompeius:

156 2669 238 2748 ‘quid
254 2668 336 2743 dicis,
363 2669 454 2731 bomo
471 2667 697 2732 crudelissime?
728 2669 846 2750 quaeris
862 2667 1037 2750 quomodo?
1063 2669 1130 2749 quis
1146 2669 1228 2730 enim

104 2772 138 2823 30
158 2773 214 2816 nos
231 2755 305 2817 alirn
319 2755 378 2818 huc
394 2754 474 2816 misit
490 2774 579 2835 quarn
595 2763 638 2829 tu,
655 2756 788 2819 omnium
805 2755 969 2820 amicorum
985 2751 1182 2819 interlector?
1197 2753 1227 2815 in

158 2840 204 2902 ius
220 2858 337 2903 eamus:
355 2859 409 2920 ego
425 2839 479 2902 tibi
494 2841 543 2902 hic
558 2842 644 2904 sellas
659 2841 833 2904 ostendam’.

242 2926 322 2989 ducit
337 2926 419 2988 illum
444 2926 478 2988 ad
494 2925 626 2990 tribunal
641 2928 747 2991 Aeaci:
766 2927 791 2990 is
813 2928 877 3006 lege
893 2927 1027 2990 Cornelia
1043 2919 1171 3006 quaeda
1187 2925 1271 2988 si—ll

158 3011 244 3073 coriis
261 3014 319 3075 lata
329 3020 383 3085 est,
397 3011 567 3094 quaerebat.
584 3015 722 3093 postulat,
739 3032 850 3076 nomen
863 3014 926 3076 eius
937 3013 1072 3094 recipiam
1086 3011 1145 3074 edit
1157 3012 1231 3074 sub-

157 3097 366 3178 scriptionem:
389 3097 504 3160 occisos
520 3106 672 3161 senatores
687 3098 801 3177 XXXV,
825 3100 939 3180 equites
955 3099 990 3160 ll.
1007 3097 1128 3171 CCXXI,
1150 3106 1229 3160 cele-

106 3193 140 3245 35
159 3201 209 3245 ros
225 3177 288 3246 ὅσα
303 3177 467 3267 ψάμαθός
482 3203 517 3246 τε
527 3177 617 3258 κόνις
629 3203 672 3246 ae.
703 3186 878 3248 advocatum
891 3203 954 3246 non
966 3183 1091 3250 invenit.
1107 3183 1231 3245 tandem

158 3269 293 3348 procedit
307 3269 340 3330 P.
357 3269 524 3343 Petronius,
541 3277 624 3332 vetus
640 3271 794 3334 convictor
809 3270 881 3343 eius,
897 3271 989 3333 homo
1002 3270 1161 3332 Claudiana
1173 3269 1232 3331 lin-

158 3373 214 3433 gua
231 3355 371 3429 disertus,
387 3363 416 3416 et
430 3356 559 3436 postulat
571 3357 803 3419 aduncationem.
828 3374 889 3419 non
900 3357 996 3420 datur.
1024 3363 1140 3419 accusat
1151 3355 1231 3417 Pedo

160 3439 322 3521 Pompeius
339 3442 453 3521 magnis
468 3441 656 3504 clamoribus.
678 3443 783 3524 incipit
798 3450 939 3523 patronus
952 3443 1025 3504 velle
1037 3441 1231 3523 respondere.

159 3526 282 3602 Aeacus,
297 3529 388 3589 bomo
404 3527 597 3603 iustissimus,
613 3535 691 3592 vetat
708 3537 737 3591 et
752 3529 833 3591 illum
851 3529 941 3591 altera
956 3535 1071 3591 tautum
1083 3536 1166 3608 parte
1178 3547 1231 3590 11-

231 3687 387 3755 13sortaaee
403 3693 432 3736 ut
445 3683 455 3753 ΙΙ
471 3685 502 3737 16
521 3683 607 3738 lunius
644 3688 674 3738 17
693 3700 769 3751 eques
782 3683 791 3752 {l
806 3687 837 3736 19
853 3685 1003 3736 monitorem
1020 3683 1118 3737 lecerat
1135 3681 1233 3734 blessa-

159 3753 228 3806 linae
246 3758 342 3807 conr'ecr'
352 3758 363 3821 11
375 3756 406 3806 21
421 3757 533 3823 pherora
550 3761 610 3805 olna
647 3754 678 3804 23
694 3753 797 3821 Pompei
816 3754 883 3805 lilius
900 3752 995 3805 eodiem
1005 3751 1163 3823 interpolati.
1187 3752 1233 3801 bo·

158 3823 284 3876 riolamur
296 3823 377 3876 Rufus
395 3822 536 3891 Pompilius
558 3821 567 3890 ll
590 3822 623 3873 18
636 3825 683 3874 huc
696 3823 805 3874 venistis
819 3838 866 3874 vos
887 3820 896 3890 ll
915 3823 948 3874 34
964 3821 1044 3874 ΧΧΧ
1062 3822 1160 3890 equites
1176 3837 1197 3871 r.
1211 3820 1233 3874 V

160 3901 278 3945 caeteros
297 3891 402 3945 CCXXI
414 3887 466 3944 ὅσα
480 3890 488 3960 ll
503 3891 535 3942 35
548 3891 711 3944 desideratur
723 3891 845 3944 Claudius
858 3893 1009 3944 advocatum
1091 3892 1094 3898 '

1019 3977 1067 4030 15*
