2838 4348
590 153 758 210 VARRONIS

515 307 626 362 ruste!
647 308 832 363 ΣΕΑΥΤΟΝ

634 417 647 478 Ι
680 415 698 477 3

655 419 689 577 iit
701 421 857 578 {remeuto
873 516 995 594 cdrpora

343 596 451 744 piarent
465 599 576 662 maiora
591 619 692 681 parvo,
709 609 742 664 ut
757 610 845 664 suctu
860 601 978 663 candidi

355 690 427 746 actis

630 773 657 834 ll
685 775 704 834 4

346 870 414 931 dein
430 869 511 932 edric
527 872 581 934 alvi
596 776 687 934 duelli
704 777 737 934 {u
749 891 854 935 sucum

344 965 462 1036 pareret
476 974 625 1031 mausum,
642 977 700 1038 quo
716 977 858 1021 venarum

385 1042 529 1122 sanguiue
544 1044 622 1105 rivos
638 1046 810 1125 compleret.

342 1245 385 1306 nil
399 1245 470 1307 sunt
485 1245 595 1318 Musae,
611 1146 754 1328 ΙᾞΙὲῗίἒε,
772 1255 887 1310 vestrae

343 1349 414 1411 quas
430 1333 546 1394 aerilice
562 1333 644 1394 duxti

609 1436 663 1501 llll
679 1436 724 1514 (6)

542 1544 577 1598 ut
592 1536 689 1598 sidera
704 1537 776 1598 caeli

343 1619 454 1698 divum,
470 1621 582 1684 circum
598 1630 709 1685 terram
724 1631 815 1703 atque
829 1640 911 1686 exem

343 1725 420 1786 quae
435 1706 597 1770 volvuntur
613 1717 697 1771 motu
713 1709 808 1770 orbito

623 1832 648 1894 V
676 1831 694 1890 7

342 1927 472 1990 caudens
487 1946 612 2008 corpore
628 1833 730 1991 uraris
746 1928 851 1990 triviae
1231 1946 1280 1996 203

341 2014 454 2077 lumine
470 2013 571 2078 Lunae

620 2100 658 2164 v1
674 2099 718 2178 (9)
806 2061 809 2066 ’

769 2199 832 2261 ndu
846 2199 951 2262 videtis
968 2195 1045 2260 dnus
1060 2205 1094 2260 ut
1231 2212 1281 2264 204

341 2261 480 2366 parvulus
496 2287 588 2348 Amor
603 2285 726 2349 irdileta
739 2285 874 2366 lampade
890 2286 970 2347 arida
986 2293 1052 2364 agat
1068 2282 1194 2346 amantis

341 2368 526 2434 aestuantis?

608 2489 658 2553 Vll
675 2489 740 2566 (10)

959 2601 971 2632 c
1067 2582 1097 2635 el
1111 2590 1164 2634 rell
1230 2583 1279 2636 205

286 2657 317 2720 et
328 2659 633 2742 miselluslllcpauper
642 2657 721 2722 durat
733 2658 881 2739 habetque
889 2655 1078 2740 iguemlutus
1093 2675 1207 2720 acrem:
1236 2658 1239 2670 '

285 2743 333 2807 bic
348 2745 496 2826 ephebum
512 2747 689 2820 mulierem,
706 2745 755 2807 hic
769 2745 802 2806 ad
816 2745 974 2807 moecbada
987 2745 1205 2808 adulescentem

286 2831 453 2894 cubiculum
469 2832 590 2914 pudoris
606 2833 720 2914 primus
735 2831 840 2913 polluit

614 2945 678 3008 uu
693 2943 738 3034 ps)

243 3059 303 3104 uon
319 3042 456 3104 subsilles
470 3062 504 3106 ac
518 3044 641 3124 plaudes
659 3052 690 3105 et
710 3043 745 3106 ab
766 3043 854 3106 Arate
874 3063 978 3124 posces
998 3043 1134 3106 astricem
1156 3062 1207 3105 co·
1229 3054 1279 3105 206

139 3125 273 3190 ronam?
290 3128 360 3209 quid
375 3129 455 3192 euim
470 3129 529 3191 buc
542 3127 669 3194 misius?

595 3247 753 3324 vruruu

243 3337 344 3408 nenne
365 3345 516 3408 homiuem
543 3346 678 3410 scribunt
702 3366 768 3410 esse
787 3344 950 3427 grandibus
971 3345 1145 3426 superciliis,
1165 3345 1206 3407 si·
1229 3362 1277 3413 207

140 3431 253 3505 leuem,
271 3429 469 3513 quadratum?

212 3647 261 3698 199
273 3661 350 3714 parva
363 3654 392 3698 ut
403 3647 506 3714 Popma
518 3646 527 3716 ΙΙ
540 3648 591 3699 200
605 3653 676 3699 certe
689 3647 735 3698 alii
753 3649 829 3698 ductu
847 3654 877 3698 ut
894 3646 972 3698 sicum
988 3645 1121 3713 lscrtasse
1132 3644 1173 3711 qui
1186 3643 1196 3713 l

139 3715 189 3765 201
204 3715 297 3782 pulicis
311 3713 320 3783 ll
333 3715 382 3767 203
396 3716 478 3766 trivio
492 3714 502 3783 ll
513 3717 565 3768 206
576 3717 684 3768 subsilis
693 3731 723 3768 uc
733 3715 833 3783 plaudis
845 3714 945 3768 Neuius
953 3713 1034 3765 adero
1044 3713 1103 3777 leco,
1117 3715 1209 3781 pacibus

137 3784 253 3852 probatis
270 3785 331 3836 laec
347 3787 410 3836 item
425 3787 508 3851 possis
527 3784 564 3836 ad
583 3787 724 3836 dedenarios
736 3799 854 3836 reuocare
868 3785 1010 3835 trochaicus
1026 3781 1208 3848 peuces-istri-

140 3867 196 3902 cum
209 3850 218 3919 ΙΙ
231 3851 280 3903 202
295 3869 376 3904 ucuue
390 3869 516 3904 uenuuum
531 3853 646 3904 scribunt
661 3853 665 3919 Ι
680 3853 820 3906 adbaerent
828 3858 952 3920 tunquam
962 3852 990 3904 V
987 3855 1131 3903 ananiam:
1142 3851 1208 3918 qued

139 3920 243 3972 Silenus
255 3921 363 3973 hirsutis
375 3922 522 3988 superciliis
534 3922 672 3987 fingeretur
994 3992 1024 4042 12
1031 3990 1043 4018 *
