2860 4340
327 677 329 684 *
416 743 591 830 motans
621 741 897 869 saoconna

470 996 655 1058 aosssccns
678 995 847 1056 stomaro

208 1171 270 1232 cap.
289 1154 304 1212 1
322 1151 342 1212 2
359 1154 520 1232 Encolpius,
536 1156 587 1232 pui
598 1171 653 1213 scca
666 1155 763 1213 satoris
773 1153 817 1213 his
826 1153 891 1232 [ata
902 1163 1031 1224 manat,
1046 1158 1077 1215 in
1086 1173 1192 1234 praeca

122 1237 300 1318 Campaniae
314 1239 386 1300 urbe
397 1238 601 1319 confabulatus
617 1256 683 1299 cum
696 1237 904 1318 Ayomcmnone
918 1240 1029 1301 rhetore
1046 1239 1191 1301 declama·-

121 1329 234 1386 tionum
247 1325 428 1403 reprehendit
440 1327 560 1404 ineptias
574 1324 675 1404 quibus
689 1340 760 1386 vero
771 1327 889 1404 perierit
902 1324 1071 1405 eloquentia.
1105 1323 1189 1385 3—-5

121 1409 271 1488 respondet
284 1410 330 1470 illi
340 1410 438 1472 rhetor
449 1420 583 1489 parentes
597 1413 733 1472 incusans
754 1411 804 1489 qui
816 1409 919 1471 liberos
937 1428 1004 1471 suos
1017 1429 1116 1472 nocta
1131 1411 1190 1490 lcye

120 1498 234 1556 institui
251 1495 345 1556 nolint
362 1507 390 1557 ct
409 1499 544 1574 optimam
565 1496 604 1556 ad
623 1497 811 1576 eloquentiam
831 1497 910 1556 viam
935 1500 1062 1556 cormim
1081 1496 1188 1557 adum·

122 1581 211 1641 brom
225 1581 420 1660 cntemporali.
455 1580 538 1642 6-8
550 1580 703 1660 Encolpius
719 1581 852 1659 Ascylton
867 1580 993 1643 sodalem
1003 1599 1088 1641 suum
1099 1599 1189 1660 puae·

75 1713 88 1737 .
120 1669 215 1726 ntons
226 1666 262 1726 ab
277 1666 393 1728 anicula
408 1667 559 1728 deducitur
573 1671 604 1727 in
617 1668 768 1746 famicem,
782 1666 834 1727 ubi
846 1669 932 1726 ctiam
946 1665 1072 1727 sodalem
1088 1666 1188 1745 deprc-

121 1751 226 1812 hcndit.
261 1751 360 1812 9-11
385 1750 468 1826 ‚Giton
483 1752 614 1832 Encolpii
627 1752 742 1814 deliciae
754 1751 789 1811 ab
801 1750 912 1829 Ascylto
927 1751 982 1813 sibi
994 1755 1053 1810 cim
1067 1753 1189 1824 inlatam

121 1839 262 1916 queritur,
274 1837 387 1918 litiyant
394 1837 547 1917 Encolpius
553 1847 579 1898 et
584 1837 711 1916 Ascyltos
719 1837 867 1916 divisisque
874 1837 1028 1898 sarcinulis
1034 1835 1187 1907 discedunt,

120 1939 254 1984 reuersus
268 1933 363 1984 oedem
378 1923 503 2002 Ascyltos
519 1923 747 1984 concumbentem
761 1940 827 1982 cum
840 1920 938 1982 Gitone
952 1921 1109 2002 Encolpion
1118 1939 1188 1983 oer-

122 2008 212 2068 bcrat.
250 2005 372 2068 12-15
384 2012 417 2069 in
429 2010 497 2088 soro
512 2009 666 2088 Encolpius
680 2018 707 2069 et
726 2007 852 2086 Ascyltos
869 2008 994 2086 pallium
1013 2008 1188 2069 venditantes

120 2097 270 2154 inveniunt
283 2098 422 2154 rusticum
434 2113 500 2155 cam
514 2091 645 2155 tunicula
666 2111 751 2173 worn
767 2096 823 2172 ipsi
835 2097 990 2155 ams'scront
1011 2097 1109 2154 aureis
1121 2095 1188 2172 plc-

120 2197 200 2248 nam,
212 2179 337 2257 pallium
350 2183 474 2240 rusncus
488 2196 632 2260 sonusque
646 2183 706 2240 eius
720 2179 826 2240 mulier
839 2178 895 2240 sibi
902 2179 1027 2259 ereptam
1039 2179 1188 2241 latrocinio

120 2265 256 2333 clamem,
272 2268 399 2326 tunicam
414 2265 507 2326 altera
517 2261 590 2344 pars
604 2275 761 2344 temperat.
798 2263 923 2324 16-19
938 2269 1015 2325 venit
1029 2265 1067 2324 od
1083 2263 1189 2326 Encol-

120 2354 189 2430 pion
204 2360 230 2410 ct
244 2348 376 2428 Ascylton
391 2355 422 2411 in
441 2350 586 2411 stabulum
608 2349 756 2421 Quartilla
776 2367 863 2429 quom
884 2349 1063 2430 offenderant
1083 2349 1188 2428 lbicpo

120 2435 339 2515 sacrificantem,
354 2439 480 2498 iniuriae
495 2437 717 2514 satifactionem
727 2434 874 2514 morbique
884 2437 1041 2496 remedium
1051 2445 1186 2512 onpostu-

121 2521 194 2581 lans.
230 2519 353 2581 19-21
370 2525 459 2582 vanis
473 2521 563 2582 modis
582 2525 651 2582 torti
669 2525 785 2581 iuvenes
805 2537 870 2580 cum
892 2519 1041 2592 Quartilla
1063 2520 1188 2580 discum-

122 2607 193 2666 bunt
206 2609 239 2666 c'n
258 2605 393 2667 triclinio.
425 2606 552 2666 22-24
572 2609 666 2666 cenati
685 2623 749 2666 cum
771 2605 937 2675 dormirent,
959 2604 1085 2684 furandi
1103 2622 1187 2666 occa-

120 2694 199 2752 sione
213 2689 285 2768 Syri
296 2701 427 2764 utantur,
443 2692 657 2771 esperycsoctos
678 2691 770 2754 caedit
788 2690 930 2751 cinaedus.
966 2690 1005 2749 25
1022 2688 1063 2749 26
1086 2690 1187 2763 Quor-

120 2776 186 2837 titla
196 2773 317 2853 Psyches
330 2777 484 2838 ancillulae
499 2795 567 2839 suoe
582 2795 647 2838 oum
665 2774 761 2842 Gitone
776 2779 892 2856 nuptias
906 2780 1036 2855 imperat.

207 2858 250 2920 26
261 2859 301 2921 27
314 2862 370 2922 olio
382 2863 426 2924 dic
441 2872 595 2924 cenaturus
609 2862 687 2942 opud
699 2860 937 2922 Trimalchionem
947 2862 1111 2924 libertinum
1127 2862 1189 2922 En-

122 2946 231 3027 colpius
253 2965 316 3008 cnm
332 2947 443 3027 Ascylto
464 2949 594 3009 locatum
618 2952 641 3008 it
662 2948 857 3028 ludentempue
879 2957 983 3026 spectat
1001 2965 1096 3008 senem
1115 2946 1187 3034 pilo.

122 3031 247 3092 28-31
264 3037 391 3112 sequitur
406 3053 425 3094 a
439 3033 539 3095 balneo
555 3031 799 3105 Trimalchionem,
822 3031 936 3092 domum
951 3037 1011 3094 cius
1023 3036 1116 3093 barat
1128 3035 1188 3093 mi-

121 3128 213 3188 ratus,
225 3136 280 3196 per
292 3120 425 3198 familiae
440 3119 673 3197 lautitiarumque
689 3118 835 3180 obstacula
850 3118 943 3179 evadit
964 3118 1003 3179 ad
1021 3117 1187 3178 triclinium.

123 3201 249 3264 31-33
266 3205 461 3277 discumbitur,
478 3204 612 3283 adfertur
626 3208 757 3282 purletia,
778 3208 835 3283 ipsc
857 3204 996 3264 occumbit
1018 3201 1188 3264 Trimalchio

122 3292 286 3368 tesserisque
302 3289 399 3352 lotderc
410 3293 511 3370 perpit.
547 3288 681 3350 34-36
698 3287 839 3352 laudatur
854 3281 984 3350 dominas
994 3298 1114 3368 propter
1128 3288 1188 3350 cle-

120 3376 244 3453 yantios,
266 3379 333 3435 orno
350 3373 446 3436 adlato
463 3383 490 3436 et
501 3375 627 3436 ciborum
647 3379 817 3453 repositorio
836 3374 1030 3435 hortatatur
1046 3384 1144 3452 potent
1162 3383 1189 3434 et

123 3467 230 3519 cenent.
265 3459 304 3520 37
322 3457 362 3519 38
377 3464 494 3539 eaponit
508 3460 641 3538 Encolpio
663 3463 782 3520 omoioa
802 3460 836 3521 dc
858 3459 1074 3532 Trimalchione,
1096 3475 1188 3519 unam

122 3548 191 3614 aas,
213 3544 365 3606 collibertis
381 3563 415 3607 ac
434 3549 569 3606 concisis.
604 3543 723 3605 39-41
757 3543 927 3606 Trimalchio
949 3544 1134 3624 philoloyiom
1160 3561 1188 3604 sc

121 3645 202 3690 nosse
222 3630 345 3692 ostendit
363 3641 390 3691 ct
412 3632 448 3692 ab
467 3630 559 3692 altero
577 3629 693 3709 ferculo
715 3634 805 3710 suryit
826 3631 865 3691 ad
886 3629 1028 3690 lacuum.
1062 3629 1188 3689 41-46

122 3715 237 3777 absente
251 3732 283 3777 eo
298 3720 526 3778 sermocinantur
541 3720 684 3786 convivae,
699 3715 732 3776 de
752 3725 913 3794 tempestate
931 3715 1035 3786 Dama,
1055 3713 1189 3775 Schmun

124 3802 158 3863 de
168 3801 282 3879 ssmcre,
297 3801 424 3863 Phileros
440 3802 473 3863 dc
484 3813 598 3863 mortrco
613 3806 726 3880 eiusque
741 3801 844 3880 fratre,
865 3799 1041 3881 Ganymedes
1061 3801 1094 3862 de
1109 3801 1188 3880 [amc

122 3903 209 3966 quam
222 3888 310 3966 fraus
325 3887 461 3950 aedilium
475 3898 503 3949 ct
515 3887 664 3950 hominum
677 3891 808 3967 impietas
822 3891 950 3962 monuit,
965 3886 1077 3949 Echion
1092 3887 1125 3948 de
1140 3887 1187 3947 la-
