2860 4340
686 66 843 124 PETRONH

703 220 832 288 xlxltl‘

282 392 286 398 ,
340 329 501 407 naufragus
516 327 609 388 eiecta
624 326 723 390 nudus
737 333 802 392 rata
817 325 932 404 quaeris
948 325 1053 388 eodem

383 432 559 492 percussum
574 412 643 485 telo,
660 411 711 491 qui
728 430 781 474 sua
796 411 855 472 lata
870 410 957 487 legat.

341 499 485 578 grandine
501 499 553 578 qui
567 505 682 575 segetes
698 505 727 558 st
744 504 841 558 totum
856 496 986 576 perdidit
1002 512 1125 573 annum,

382 584 414 644 in
429 583 518 644 simili
535 583 622 643 dellet
636 581 734 646 tristia
749 581 807 644 leta
823 581 904 644 sinn.

290 675 305 724 5
341 670 446 730 lunera
461 667 620 729 conciliant
635 666 771 744 miseros,
787 665 910 744 orbique
925 675 1064 746 pamntas

383 753 570 832 coniungunt
585 752 725 831 gemitus,
742 761 771 816 et
785 751 855 815 facit
869 751 943 818 hora
957 771 1053 830 pares

313 831 318 840 ’
340 856 396 900 nos
412 857 530 918 quoque
548 837 679 902 confusis
697 837 839 902 feriemur
854 836 951 901 sidera
966 838 1073 909 verns,

383 932 412 984 et
426 925 504 986 fama
520 931 565 984 est
581 921 674 983 socias
690 922 799 988 fortius
812 923 856 988 ire
872 941 975 1001 prunas
1004 978 1007 985 ,

302 1024 317 1074 2
331 1025 372 1076 eui
386 1021 395 1092 d
408 1025 424 1075 6
436 1041 500 1076 urna
512 1023 630 1076 limatius
643 1021 652 1091 d
666 1023 681 1074 8
692 1030 735 1075 ert
747 1030 867 1076 onustum
893 1029 896 1036 ’

697 1267 838 1334 XXXIII*

341 1391 427 1434 aurea
443 1373 517 1436 mala
534 1371 617 1444 miei.
634 1371 729 1440 dulcis
739 1391 807 1440 ulca
821 1371 937 1446 Marcia,
952 1373 1056 1445 mittis,

383 1458 477 1521 mittis
494 1465 523 1521 et
537 1457 671 1520 hirsutae
686 1476 812 1524 munera
827 1465 992 1523 castaneae.

340 1543 441 1607 omnia
456 1551 536 1620 grata
551 1550 665 1623 putem,
680 1544 733 1608 sed
745 1543 770 1604 si
782 1543 874 1624 magis
885 1543 949 1625 ipsa
966 1543 1092 1616 venires,
1160 1566 1168 1587 ·

382 1647 504 1690 ornares
518 1630 643 1701 donum,
660 1629 781 1710 pulchra
796 1629 900 1708 puella,
917 1637 1013 1692 tuum.

289 1733 304 1783 5
339 1723 372 1775 tu
388 1715 609 1794 licet·apportes
625 1715 799 1794 stringentia
816 1715 894 1794 mala·
905 1715 1048 1796 palatum,

382 1799 480 1860 tristia
495 1799 651 1868 mandenti
668 1794 850 1864 est‘melleus
866 1819 917 1860 ore
932 1819 1028 1882 sapor.

340 1893 370 1946 al
384 1885 408 1946 si
424 1885 593 1953 dissimulas
609 1887 738 1950 multum
754 1885 827 1951 mihi
843 1904 910 1948 cara
926 1885 1039 1957 venire,

383 1968 482 2032 oscula
498 1989 564 2032 cnm
580 1971 678 2050 pomis
694 1971 794 2034 mitte:
811 1968 922 2034 vorabo
939 1971 1046 2034 lubens

218 2083 223 2096 ⁸
296 2073 311 2124 8
323 2087 352 2122 os
365 2071 433 2138 quali
446 2072 595 2137 comprensis
608 2071 693 2125 sueti
703 2072 790 2135 codro,
803 2073 956 2140 sequereris
969 2045 1054 2126 naiso
1065 2073 1145 2129 cetera·

689 2281 843 2348 xxxun*

339 2386 364 2447 si
379 2385 491 2447 Phoebi
504 2405 640 2459 sorores,
657 2389 767 2457 maroe
784 2387 846 2462 tibi,
859 2387 949 2469 Delia,
960 2408 1092 2472 ‚carosam²

383 2471 494 2533 scilicet
508 2480 542 2533 ut
555 2472 650 2548 fratri
667 2493 743 2554 quae
758 2481 838 2554 peto,
852 2473 940 2539 verba
955 2472 1048 2540 feras:
1062 2479 1082 2500 ’·

339 2554 499 2620 ‘marinore
515 2557 631 2639 Sicanio
647 2560 741 2623 struxi
757 2558 820 2633 tihi,
835 2559 984 2640 Delphice
1005 2563 1150 2644 templum

383 2650 413 2704 et
427 2643 541 2706 levibus
557 2643 677 2707 calamis
694 2645 818 2712 candida
834 2645 923 2707 verba
939 2647 1015 2711 dedi.
1168 2719 1171 2731 ¹

289 2736 303 2784 5
339 2745 421 2788 nunc
436 2727 462 2788 si
475 2725 532 2789 ¹nos
547 2721 630 2790 audis
646 2736 735 2809 atque
751 2749 782 2790 es
799 2728 927 2802 divinus,
943 2733 1056 2812 Apollo,

382 2812 428 2872 dic
442 2813 525 2885 mihi,
541 2813 592 2893 qui
607 2833 748 2876 nummos
763 2833 825 2876 non
840 2815 939 2890 hahet,
962 2819 1043 2879 unde
1058 2818 1150 2898 petat’

301 2913 439 2979 aportasse
451 2913 474 2963 si
487 2915 550 2964 lieet

699 3100 826 3164 XXXV*

339 3203 439 3264 omnia
455 3221 531 3284 quae
546 3201 668 3266 miseras
684 3212 813 3284 possunt
828 3205 913 3267 linire
929 3207 1085 3288 querellas,

381 3289 413 3350 in
428 3297 570 3368 promptu
584 3289 676 3350 voluit
692 3290 833 3352 candidus
850 3311 913 3354 esse
929 3294 1011 3354 deus.

338 3374 394 3434 vile
409 3375 496 3436 holus
512 3383 542 3435 et
558 3373 639 3435 duris
654 3372 807 3438 haerentia
823 3395 905 3442 mora
921 3377 1037 3440 rubetis

381 3459 542 3539 pungentis
557 3461 703 3521 stomachi
719 3479 915 3550 composuere
929 3463 1051 3531 famem.

284 3559 298 3607 5
334 3545 457 3605 flumine
473 3545 568 3606 vicino
585 3545 693 3606 stultus
709 3547 780 3616 sitit,
799 3548 900 3626 effugit
915 3566 986 3610 euro

381 3648 449 3692 oum
465 3631 576 3690 calidus
592 3631 691 3710 tepido
705 3642 851 3694 consonat
865 3633 934 3712 igne
950 3635 1057 3697 tholus.

338 3715 386 3774 lex
400 3721 512 3776 armata
528 3717 612 3776 sedat
627 3719 738 3778 circum
754 3721 816 3780 lara
831 3718 932 3781 limina
947 3730 1068 3802 nuptae,

381 3800 422 3860 nil
438 3799 543 3862 metuit
557 3801 637 3863 licito
653 3802 719 3868 lusa
733 3803 830 3884 puella
845 3811 922 3868 toro.
952 3857 956 3864 .
