2864 4344
587 124 728 178 3331333
1157 126 1191 188 31
1231 87 1232 95 Ν

79 285 101 335 ll
119 280 248 361 porcino
265 274 412 341 extorsit?
437 279 569 340 solebam
586 281 659 341 haec
674 297 728 357 rgo
742 297 816 358 puer
828 287 900 358 aput
908 278 1072 340 Homerum
1088 281 1198 356 legere.
1251 297 1254 301 ·

120 385 192 428 nam
210 365 353 445 Sibyllam
370 365 491 444 quidem
508 365 607 426 Cumis
630 383 683 443 ego
705 365 768 443 ipse
789 365 883 426 oculis
904 365 978 425 meis
1000 365 1058 427 ridi
1077 366 1109 425 in
1133 383 1197 426 am-

119 452 203 530 pulla
216 452 358 530 pendere,
375 457 487 511 etcum
503 450 544 512 1111
559 450 645 530 pueri
661 449 808 511 dicerent:
829 447 989 529 Σίβυλλα,
1014 453 1046 512 sl
1062 448 1197 525 θέλειςς

28 589 29 612 ,
120 537 327 616 respondebat
340 536 404 597 illa:
422 529 615 597 ἀποθανεῖν
630 532 743 597 θέλω]

211 622 348 683 nondum
365 621 517 682 efflaverat
532 620 641 687 omnia,
664 638 731 680 cum
753 619 963 698 repositorium
986 639 1055 682 cum
1078 640 1131 682 sue
1151 621 1199 682 in·
1211 612 1252 672 49

88 715 102 762 5
121 707 209 785 genti
225 723 362 768 mensam
386 707 547 784 occupavit.
580 705 680 766 mirari
706 722 763 766 nos
785 705 962 766 celeritatem
991 706 1145 786 coepimus
1168 715 1199 766 et

28 817 29 826 ¹
123 794 237 863 iurare,
247 810 285 852 oe
297 792 406 870 gallum
420 791 543 870 quidem
555 791 748 869 gallinaceum
759 799 819 850 tam
833 790 891 850 cito
903 793 1045 871 percoqui
1053 792 1197 871 potuisse,

123 887 212 939 tanto
228 877 349 957 quidem
366 877 469 954 magis,
491 877 570 955 quod
584 877 673 954 longe
694 877 788 936 maior
809 875 894 936 nohis
914 894 1023 955 porcus
1044 878 1200 938 videbatur

124 982 202 1034 esse,
219 981 310 1042 quam
326 963 414 1042 paulo
431 968 499 1022 ante
514 980 584 1040 aper
598 963 704 1022 luerat.
734 960 842 1022 deinde
857 961 949 1040 magis
965 962 1117 1041 magisque
1131 962 1199 1023 Tri·

125 1048 257 1108 malchio
274 1047 396 1112 intuens
412 1065 481 1107 eum
497 1044 603 1126 ‘qnid‘l
626 1043 728 1126 quidl'
750 1045 847 1125 inquit
863 1053 982 1125 ‘porcus
1003 1047 1050 1107 hic
1076 1066 1137 1109 non
1154 1056 1200 1108 est

80 1143 108 1192 tn
127 1130 338 1194 exinteratus?
354 1150 416 1193 non
433 1132 617 1193 mehercules
633 1137 687 1192 est.
731 1150 812 1202 voca,
829 1150 899 1192 voca
915 1150 1018 1192 cocum
1035 1133 1067 1194 in
1083 1132 1199 1194 medi0.’

127 1237 199 1280 curn
215 1217 401 1278 constitisset
416 1217 454 1278 ad
470 1234 606 1278 mensam
622 1234 711 1288 cocus
726 1217 820 1277 tristis
843 1224 872 1278 et
886 1217 999 1278 diceret
1018 1237 1051 1278 se
1073 1219 1198 1280 oblitum

28 1335 29 1360 l
128 1323 196 1364 esse
211 1304 387 1368 eximerere,
404 1299 508 1380 ‘quid‘l
524 1299 667 1363 oblitus?
694 1301 870 1362 Trimalchio
886 1305 1028 1364 exclamat
1046 1310 1141 1383 ‘putes
1161 1305 1200 1364 il-

28 1403 29 1460 }
127 1391 192 1450 lum
204 1389 291 1468 piper
306 1396 335 1448 et
350 1389 504 1450 cuminum
520 1405 582 1448 non
597 1386 767 1449 coniecisse.
799 1387 950 1466 despolia'
982 1407 1043 1450 non
1059 1389 1199 1461 filmera,

28 1483 29 1536 ζ
129 1475 314 1554 despoliatur
334 1491 421 1534 cocus
443 1481 531 1552 atque
549 1473 629 1533 inter
650 1473 725 1533 duos
745 1481 873 1533 tortores
901 1483 1031 1534 maestus
1052 1475 1199 1550 consistit.

84 1570 111 1620 15
130 1559 283 1639 deprecari
299 1567 399 1620 tamen
417 1576 523 1618 omnes
540 1566 704 1638 coeperunt
726 1565 755 1617 et
774 1557 888 1618 dicere:
911 1559 995 1620 ‘solet
1015 1559 1091 1632 lieri3
1112 1577 1201 1637 roga·
1230 1591 1233 1598 ·

131 1663 208 1718 mus,
224 1647 342 1714 mittas3
357 1651 460 1724 postea
476 1644 501 1704 si
518 1643 631 1715 lecerit,
649 1661 737 1704 nemo
761 1651 897 1705 nostrum
921 1662 975 1721 pro
999 1643 1047 1704 illo
1066 1645 1200 1722 rogabit!

132 1749 198 1810 ego,
215 1729 438 1791 crudelissimae
455 1729 627 1802 severitatis,
645 1747 705 1789 non
721 1729 805 1806 potui
821 1747 869 1787 me
881 1737 995 1799 tenere,
1011 1729 1063 1789 sed
1076 1730 1203 1792 inclina-

131 1825 181 1876 tus
203 1817 239 1876 ad
256 1833 359 1876 aurem
376 1814 606 1892 Agamemnonis
633 1813 738 1892 ‘plane'
765 1813 886 1892 iuquam
914 1813 971 1874 ‘hic
991 1814 1080 1875 debet
1101 1833 1202 1876 servus

133 1919 198 1962 esse
211 1900 433 1982 nequissimus;¹
443 1900 548 1979 aliquis
563 1899 787 1960 oblivisceretur
798 1916 921 1977 porcum
934 1897 1125 1960 exinterare?
1140 1918 1202 1961 non

87 1999 115 2048 20
134 1985 320 2048 mehercules
335 1985 375 2045 illi
391 1985 588 2062 ignoscerem,
603 1984 629 2045 si
644 1983 756 2062 piscem
772 1983 984 2064 praeterisset'.
1030 1993 1060 2046 at
1084 2004 1146 2046 nou
1161 1991 1203 2046 lto

133 2070 321 2139 Trimalchio,
344 2069 395 2151 qui
410 2071 538 2132 relaxato
554 2071 585 2131 in
601 2070 775 2131 hilaritatem
791 2069 875 2130 vultu
895 2069 984 2147 ‘crgo’
1004 2071 1102 2150 inquit
1126 2073 1203 2150 ‘quia

134 2167 194 2218 tam
212 2157 305 2218 malae
327 2155 488 2216 memoriae
504 2175 545 2226 es,
567 2157 663 2234 palam
687 2155 774 2216 nohis
797 2154 878 2215 illum
904 2155 1053 2216 exintera’
1084 2165 1202 2234 recepta

136 2261 225 2304 cocos
240 2242 340 2303 tunica
355 2239 482 2302 cultrum
498 2241 624 2320 arripuit
639 2240 781 2320 porcique
797 2247 929 2300 ventrem
942 2240 1012 2301 hinc
1023 2249 1110 2320 atquc
1123 2242 1204 2302 illinc

28 2397 29 2400 Ἴ
136 2325 240 2388 timida
257 2344 350 2388 manu
366 2327 469 2386 secuit.
499 2345 554 2386 uec
569 2345 662 2399 mora,
680 2345 713 2385 ex
737 2325 829 2405 plagis
849 2325 991 2404 ponderis
1012 2326 1203 2388 inclinatione

90 2427 118 2476 25
137 2413 340 2474 crescentibus
356 2412 503 2473 tomacula
519 2430 587 2472 cum
604 2411 713 2472 botulis
729 2411 819 2472 ellusa
835 2418 915 2470 sunt.

223 2499 358 2578 plausum
376 2504 444 2576 post
455 2499 515 2558 hoc
526 2504 710 2559 automatum
722 2496 832 2557 familia
844 2495 925 2582 dedit
938 2502 967 2555 et
976 2494 1056 2558 ‘Gaio
1070 2496 1202 2558 feliciter'
1216 2499 1256 2557 50

137 2583 341 2646 conclamavit.
373 2601 427 2644 nec
442 2599 505 2644 non
520 2601 608 2644 cocus
623 2581 744 2660 potione
760 2581 928 2641 honoratus·
945 2588 990 2640 est
1014 2577 1044 2641 et
1064 2589 1203 2658 argentea

138 2687 257 2738 corona,
273 2669 473 2748 poculumque
485 2665 518 2729 in
529 2667 615 2728 lance
626 2666 738 2746 accepit
749 2665 912 2728 Corinthia.
941 2684 1114 2745 quamcum
1129 2669 1205 2744 Aga-

137 2773 280 2816 memnon
296 2753 420 2833 propius
436 2752 649 2826 consideraret,
671 2751 712 2813 ait
733 2749 927 2812 Trimalchio:
951 2752 1041 2812 ‘solus
1063 2771 1130 2813 sum
1153 2753 1204 2831 qui

93 2851 121 2900 30
137 2858 207 2901 vera
223 2838 382 2902 Corinthea
397 2837 541 2900 habeam)
572 2837 771 2916 expectabam,
792 2846 825 2897 ut
846 2855 900 2918 pro
915 2837 1028 2916 reliqua
1047 2837 1204 2899 insolentia

137 2925 249 2986 diceret
264 2924 322 2985 sihi
336 2943 404 2985 vasa
420 2923 562 2986 Corintho
579 2923 686 2985 afferri.
716 2922 769 2982 sed
791 2922 839 2982 ille
862 2921 988 2984 melius:
1010 2928 1049 2982 ‘et
1070 2923 1204 2984 forsitau’

136 3011 233 3090 iuquit
248 3010 384 3090 ‘quaeris
399 3027 491 3089 quare
507 3009 587 3069 solus
603 3007 760 3070 Corinthea
776 3025 845 3068 vera
859 3007 1044 3086 possideam:
1067 3009 1132 3086 quia
1145 3009 1204 3070 sci·
1232 3031 1245 3059 ι

136 3097 204 3157 11331
223 3096 401 3168 aerarius‚·a
416 3114 477 3174 quo
500 3112 577 3166 emo,
600 3093 761 3156 Corinthus
784 3099 915 3154 vocatur,
946 3093 1017 3171 quid
1038 3102 1084 3154 est
1104 3101 1204 3154 autem

138 3180 341 3252 Corintheum,
358 3180 415 3240 uisi
430 3180 496 3260 quis
512 3178 689 3240 Corinthum
703 3174 835 3239 haheat?
862 3184 896 3238 'et
912 3195 950 3238 ne
965 3197 1013 3238 me
1024 3178 1134 3258 putetis
1148 3198 1205 3240 ne-

94 3280 122 3329 35
139 3267 254 3346 sapium
271 3283 346 3338 esse,
362 3265 446 3326 valde
459 3263 539 3325 hene
555 3264 625 3336 scio,
642 3264 722 3325 unde
738 3262 868 3342 primum
882 3261 1042 3324 Corinthea
1054 3272 1123 3325 nata
1134 3264 1203 3324 siut.

28 3357 30 3448 l
139 3371 207 3413 cum
221 3350 309 3412 Ilium
326 3358 444 3430 captum
461 3357 515 3422 est,
533 3349 691 3421 Hannibal,
707 3349 797 3409 homo
813 3349 938 3408 valeret
959 3365 1083 3428 magnus
1107 3349 1203 3421 stelin,

140 3453 244 3498 omnes
265 3442 377 3496 statuas
397 3455 506 3497 aeneas
528 3442 558 3495 et
578 3453 682 3496 aureas
698 3439 727 3494 et
747 3441 900 3511 argenteas
930 3434 962 3492 in
982 3451 1076 3494 unum
1098 3451 1204 3511 rogum

140 3520 286 3601 congessit
301 3530 331 3582 et
347 3540 396 3582 eas
411 3521 558 3593 incendit3
574 3520 668 3581 factae
684 3519 800 3580 suntin
817 3537 910 3580 unum
926 3537 993 3579 aera
1007 3518 1204 3580 miscellanea.
1235 3567 1237 3572 .

140 3607 179 3668 ita
195 3625 231 3666 ex
245 3606 301 3667 hac
312 3625 408 3668 massa
422 3607 499 3668 lahri
514 3606 703 3676 sustrderunt
719 3611 748 3664 et
761 3608 898 3665 lecerunt
912 3603 1007 3665 catilla
1023 3612 1053 3664 et
1068 3604 1205 3682 parapsi-

96 3707 124 3756 lo
142 3693 191 3753 des
206 3701 233 3752 31
244 3692 423 3754 statuncula.
452 3691 496 3753 sic
511 3690 671 3753 Corinthea
685 3698 754 3750 nata
765 3696 845 3762 sunt,
860 3709 896 3749 ex
907 3688 1046 3751 omnibus
1057 3689 1205 3768 inunum,

209 3884 220 3936 1
236 3851 350 3950 poriciuo
366 3875 375 3946 ΙΙ
392 3877 521 3931 16311133
535 3874 544 3944 d
558 3877 588 3928 21
603 3876 678 3928 etiam
687 3891 737 3944 pro
750 3884 776 3926 31
787 3871 797 3944 d
812 3877 846 3927 36
859 3875 938 3928 scelio
