2860 4340
589 119 784 175 sconsum
968 139 972 148 ·
1160 125 1219 188 119

150 279 320 358 Encolpion,
342 281 393 358 qui
405 297 423 339 a
437 280 538 339 ncru‘s
552 281 715 358 capitatione
729 298 763 341 cc
777 279 928 358 suspendio
947 289 1098 342 reuocetur
1114 279 1220 342 Gitonis
1265 305 1268 310 ·

150 363 307 426 blandities.
342 363 666 426 secunderinum
688 365 857 428 avernos
879 365 949 426 iimo
969 370 1076 438 oritur,
1103 370 1135 428 in
1163 386 1220 444 poa

148 459 233 529 poete
248 467 314 518 cum
328 451 363 510 de
384 449 500 510 collese
511 453 707 529 proripuisset,
733 455 903 530 inspectante
928 450 1064 530 Encolpio
1089 450 1218 530 vapulat,

150 536 239 596 donec
252 545 428 613 procurator
442 535 552 596 insulae
568 553 649 614 opem
663 540 692 596 ei
703 537 808 617 adfert.
841 535 967 595 97-99
990 535 1115 615 Ascyltos
1129 537 1219 597 odoe-

149 624 194 681 nit
215 637 281 680 cum
297 637 439 698 praecone
458 636 596 700 quaerens
619 619 730 691 Gitona,
748 624 798 702 qui
820 622 905 700 infra
920 621 1073 697 probatum
1090 632 1219 682 eutonius

149 715 310 767 sennanim
330 705 428 776 tinniit,
449 705 621 784 Eumolpon
651 717 746 768 autem
764 709 852 786 pueri
867 707 1058 784 proditionem
1078 711 1220 768 molinum

152 788 237 851 Gelon
251 790 363 860 anulis,
380 790 505 851 leoninis
518 790 673 870 Encolpius
689 791 842 861 delemunt,
857 792 1038 854 reconciliato
1048 796 1145 870 qrotio
1155 792 1219 853 En-

150 874 261 954 colpius
275 893 341 935 eum
352 894 444 954 puero
459 885 574 956 etpoeto
588 877 748 938 contuendi
761 881 793 938 in
803 894 916 936 nonem.

240 959 407 1020 100-103
422 965 599 1040 requiescens
612 965 644 1022 in
657 967 732 1023 naue
748 961 899 1040 Encolpius
909 960 1038 1022 incidisse
1058 979 1086 1022 so
1106 961 1218 1024 intelle-

147 1048 200 1125 tqit
213 1049 245 1105 in
256 1055 362 1106 veteres
381 1048 515 1118 inimicos,
536 1045 652 1107 blebam
671 1051 779 1126 naviqii
798 1046 943 1107 dominum
962 1057 989 1108 et
1011 1045 1218 1124 Trppboenom,

149 1135 244 1210 itaque
266 1129 486 1191 deliberantibus
508 1149 561 1208 quo
583 1132 665 1192 modo
682 1132 844 1211 perieulum
865 1132 1011 1213 effuqiant,
1040 1129 1107 1192 duee
1124 1131 1219 1212 placet

147 1215 275 1295 [allecia
288 1225 321 1276 ut
333 1216 490 1293 Eumolpus
505 1215 662 1294 Encolpion
685 1227 710 1277 et
728 1215 831 1278 Gitone
845 1225 984 1295 tanquam
1001 1235 1097 1277 seruos
1115 1218 1217 1296 supiti-

148 1317 199 1361 oos
214 1300 316 1362 babeat
329 1304 405 1360 rasis
420 1300 559 1379 capitibus
572 1312 599 1363 et
612 1302 759 1380 frontibus
769 1304 922 1380 inscriptis.
970 1301 1030 1360 104
1046 1301 1104 1361 105
1118 1303 1218 1363 admo-

149 1389 208 1446 niti
221 1388 329 1445 somnio
341 1395 368 1446 et
381 1404 446 1446 occe
462 1389 590 1456 vectoris,
608 1390 662 1466 ‘qui
674 1386 812 1466 depositos
826 1389 858 1446 in
870 1404 943 1447 naoe
960 1386 1077 1465 capillos
1091 1405 1217 1466 eupooe-

147 1481 206 1540 rut‚
221 1469 320 1530 Liebas
329 1481 354 1531 et
365 1468 532 1550 Trppbaeno
545 1471 679 1548 protrobi
690 1475 794 1532 nonies
805 1490 838 1531 ac
849 1472 999 1532 uerberari
1013 1472 1110 1532 iubent
1125 1490 1216 1552 aquo-

148 1565 285 1634 scuntque
308 1554 478 1633 Erpplccena
495 1553 607 1627 Gitona,
628 1555 729 1617 liebus
751 1555 915 1635 Encolpion.
964 1557 1128 1618 toti-108
1145 1576 1218 1638 sup-

88 1695 94 1710 ,
145 1642 268 1720 plicium
290 1644 498 1718 cumprimum
519 1641 713 1712 unemundus
737 1640 933 1719 Trppbaenoe,
960 1640 1059 1702 deinde
1080 1643 1220 1722 Eumolpi

146 1729 341 1805 patrocinium
356 1726 539 1805 interpellare
554 1736 695 1798 tentasset,
716 1731 747 1785 vi
763 1744 868 1786 munus
888 1729 1047 1786 conseritur
1066 1744 1099 1786 nc
1118 1745 1218 1806 puqna

146 1821 281 1892 paratur,
299 1809 384 1878 docem
396 1811 575 1890 pubernator
586 1812 694 1890 obtinet
706 1821 738 1872 nt
752 1810 880 1873 indutiae
891 1809 972 1890 fiant.
1008 1809 1067 1870 109
1083 1811 1217 1891 110101-

149 1896 219 1956 dera
235 1905 452 1975 conponuntur,
474 1897 564 1974 epulis
585 1899 706 1976 emaque
726 1897 895 1957 conciliatur
913 1898 1008 1974 qratia
1029 1906 1056 1956 et
1076 1895 1216 1971 bilaritac,

148 1980 306 2060 Eumolpus
320 1997 420 2042 versus
431 1981 498 2042 dicit
511 1985 543 2042 in
557 1979 661 2054 calvos,
678 1982 777 2062 quibus
793 1983 953 2042 restituitur
973 1981 1058 2042 decor
1078 1999 1146 2042 suus
1166 2001 1217 2064 per

147 2063 304 2145 forpmbic.
343 2065 508 2126 110—112
524 2065 690 2127 muliebrem
703 2067 842 2127 leuitatem
854 2069 1051 2146 perstrinpens
1064 2063 1218 2148 Eumolpus

148 2150 282 2212 eubulum
297 2160 401 2212 narrat
415 2151 448 2211 de
463 2163 597 2214 matrona
612 2153 741 2232 presia
778 2149 944 2212 113-115
968 2151 1037 2212 dum
1057 2156 1216 2217 conrivan-

146 2246 196 2296 tur
210 2239 352 2316 octiuqnte
366 2240 472 2298 amoris
485 2247 637 2297 mooenncr
651 2237 808 2318 affectibus,
830 2240 919 2298 maris
935 2246 1083 2316 tempestus
1097 2241 1213 2317 inqrnit,

146 2325 257 2402 qurpite
276 2319 378 2382 liebus
396 2319 540 2393 bannitur,
563 2317 732 2400 Tryphaena
751 2325 907 2402 imponitur
928 2321 1056 2400 scapbae,
1086 2319 1169 2382 Giton
1190 2334 1217 2384 et

148 2407 298 2486 Encolpius
313 2405 491 2468 ooboerentes
503 2405 641 2485 umplenu
662 2425 690 2468 se
705 2405 839 2484 fluctibus
854 2406 982 2484 tradunt,
1006 2415 1032 2468 et
1053 2407 1084 2467 bi
1103 2407 1216 2486 quidem

148 2490 303 2552 incolumes
318 2493 443 2553 evadunt
459 2493 682 2573 Eumolpumque
698 2495 729 2552 in
744 2502 854 2552 terrum
869 2491 988 2551 trabunt
1003 2501 1085 2572 atque
1101 2495 1217 2556 eiectum

149 2581 181 2638 bt
197 2577 264 2638 litus
278 2575 379 2640 Licbae
394 2593 496 2657 corpm
509 2581 639 2638 miserati
650 2579 802 2658 fortunam
816 2585 999 2654 componunt.
1284 2645 1287 2651 ¹

237 2661 298 2721 116
317 2663 377 2722 117
393 2681 458 2723 cum
476 2661 600 2724 Crotona
610 2679 701 2742 prope
716 2661 850 2724 uidissent
868 2662 968 2722 urbem
982 2661 1146 2741 heredipetas
1163 2679 1215 2742 op-

149 2758 217 2820 iam,
238 2748 277 2807 ad
290 2746 340 2808 boc
353 2766 442 2828 penus
463 2757 595 2828 quaestus
614 2766 643 2808 se
663 2747 854 2808 subornentes
875 2746 1045 2826 Eumolpum
1068 2747 1217 2810 dominun

148 2833 261 2911 faciunt
277 2836 325 2894 eui
337 2835 393 2911 ipsi
403 2844 534 2911 percont,
550 2837 787 2896 mercennnurius
801 2842 896 2896 oedem
911 2850 994 2894 suam
1011 2836 1111 2894 asserit
1127 2833 1216 2895 liber·
1258 2829 1261 2832 ’

148 2928 245 2978 tutent.
282 2917 448 2978 118-121
464 2917 622 2996 Eumolpus
637 2923 774 2981 tractanti
786 2919 932 2980 bestoriam
945 2929 1043 2998 poetae
1051 2922 1215 2996 propositu-

148 3018 201 3064 rus
215 3001 378 3081 exemplum
394 3019 509 3064 carmen
523 3003 620 3083 [undil
633 3000 776 3065 beroieun
792 3005 824 3066 de
841 3002 913 3066 bello
927 3005 1011 3064 ciuili.
1049 3001 1215 3064 124-126

149 3092 259 3148 intrant
273 3087 405 3158 Crotone,
423 3087 489 3150 bene
510 3091 609 3150 uicum
626 3089 760 3170 fallaciis,
781 3088 933 3166 Encolpius
955 3087 1001 3150 vel
1019 3089 1083 3170 {icto
1103 3093 1216 3150 uomitu

150 3173 306 3251 Polyaenos
336 3171 506 3234 sollicitetur
529 3173 622 3236 Circes
653 3178 826 3252 procacitate
858 3174 983 3252 feminco
1010 3171 1214 3252 pulcerrimum

153 3256 318 3318 tur-130
335 3257 475 3338 lanquere
484 3276 536 3318 suo
554 3257 653 3320 Circen
662 3258 755 3320 laedit
769 3272 795 3322 et
815 3258 951 3339 epistulae
972 3261 1146 3320 conviciosce
1167 3277 1216 3320 re·

149 3342 244 3406 scribit
257 3341 345 3404 verbu
359 3346 536 3404 accusantia.
564 3344 620 3404 131
643 3333 702 3403 132
714 3348 819 3405 iterum
830 3345 1001 3424 perducitur
1014 3343 1051 3406 ad
1063 3342 1215 3414 dominam,

149 3432 251 3488 iterum
275 3427 410 3508 delinquit
437 3427 568 3508 domique
591 3427 717 3490 dolorem
736 3447 821 3490 sunm
841 3429 1042 3490 declamatione
1067 3437 1215 3489 enorcerot.

151 3512 268 3572 133-t
278 3512 318 3572 36
331 3512 486 3574 medicinae
498 3533 585 3576 emesa
597 3511 697 3593 Priapi
706 3514 842 3593 templum
858 3515 1007 3659 adpressus
1025 3513 1060 3576 ob
1073 3511 1216 3576 Oenotbea

149 3597 294 3659 sacerdote
324 3601 422 3677 incipit
441 3603 543 3660 curari
554 3603 586 3658 in
607 3599 719 3659 cellula.
758 3598 877 3660 ceo-1
905 3597 924 3657 9
951 3617 1066 3660 sumum
1087 3616 1216 3659 ansnem

150 3681 252 3762 Priapi
264 3683 363 3747 occidit
374 3699 551 3764 poenamque
567 3683 708 3746 luitcuro
723 3694 750 3745 et
770 3689 925 3746 curationis
944 3685 1086 3746 molestias
1106 3687 1216 3744 evitans

148 3769 225 3848 fuqit
240 3769 364 3828 domum.
401 3769 460 3828 140
480 3764 536 3828 141
554 3765 694 3848 Eumolpo
716 3780 850 3830 matrona
865 3770 966 3834 liberos
986 3786 1053 3829 suos
1075 3787 1216 3830 commen-

149 3853 205 3925 dat,
220 3857 458 3918 tesrnnencueins
472 3853 586 3918 beredm
600 3856 734 3916 iubentur
749 3873 851 3934 corpus
865 3858 1008 3916 testatoris
1019 3855 1170 3916 comedere.
