2860 4340
682 57 837 113 Pli'l'llllNll

371 223 475 282 derant
489 227 541 280 aut
554 217 668 279 tumida
683 217 868 277 confractum
884 218 1029 296 grandine
1043 221 1167 279 caelum.
1308 223 1352 275 Lo
1420 231 1421 282 l

371 309 453 386 ipsae
468 305 527 366 iam
542 304 639 364 nubes
654 311 759 382 ruptae
773 321 863 382 super
878 321 959 364 arma
974 304 1129 384 cadebant,

304 410 353 459 200
371 400 403 453 et
417 399 554 452 concreta
569 389 635 468 gelu
649 389 733 467 ponti
747 389 829 448 velut
840 389 920 449 unda
935 390 1051 450 ruebat.

371 479 444 539 ricta
461 483 525 537 erat
538 475 653 554 ingenti
668 474 756 535 tellus
771 474 839 534 nire
854 475 990 554 victaque
1005 475 1077 537 caeli

371 564 476 634 sidera,
490 562 565 622 victa
580 561 642 621 suis
657 559 810 620 haerentia
824 560 949 621 flumina
962 561 1052 641 ripis;

370 648 505 709 nondum
521 647 627 708 Caesar
641 653 712 714 erat,
735 645 789 706 sed
803 663 942 724 magnam
956 647 1043 708 nixus
1058 647 1090 708 in
1105 649 1221 710 bastam

370 734 490 796 horrida
505 731 617 793 securis
628 731 782 809 frangebat
796 731 948 809 gressibus
963 752 1043 807 arva,

303 835 352 884 205
371 820 464 900 qualis
480 819 627 879 Caucasea
642 817 801 878 decurrens
816 818 926 878 arduos
941 837 1010 880 arce

369 903 658 984 Amphitryoniades,
673 909 725 962 aut
737 909 822 962 torro
837 904 969 982 luppiter
982 923 1045 979 ore,

371 1010 439 1052 cum
455 1009 486 1050 se
502 988 660 1048 verticibus
675 987 774 1068 magni
788 989 908 1049 demisit
922 989 1038 1070 Olympi

372 1083 401 1138 et
416 1075 620 1155 periturorum
635 1073 750 1134 disiecit
761 1075 820 1134 tela
836 1074 1005 1153 Gigantum.

414 1161 486 1221 dum
502 1159 610 1220 Caesar
623 1159 753 1220 tumidas
767 1158 860 1221 natus
872 1160 1013 1239 deprimit
1028 1179 1121 1234 arces,

304 1259 354 1322 210
371 1248 484 1308 interea
498 1244 624 1306 volucris
639 1244 728 1305 motis
743 1245 906 1307 conterrita
920 1248 1029 1325 pennis

371 1333 461 1392 Fama
475 1329 552 1391 volat
567 1330 738 1410 summique
754 1330 829 1409 petit
843 1331 910 1410 iuga
925 1333 1003 1394 celsa
1018 1333 1112 1394 Palati

372 1425 460 1498 atque
474 1414 532 1478 boc
546 1416 681 1476 Romano
696 1416 811 1477 tonitru
825 1415 895 1477 ierit
910 1418 1009 1478 omnia
1022 1418 1121 1498 signa:

372 1503 430 1564 iam
447 1503 556 1564 classes
572 1501 688 1562 tluitare
702 1501 778 1563 mari
793 1509 931 1582 totasque
945 1521 1001 1582 per
1014 1503 1102 1584 Alpes

372 1589 488 1649 fervere
503 1587 652 1648 Germano
667 1587 805 1666 pertusas
821 1589 965 1666 sanguine
979 1597 1104 1650 turmas.

304 1682 353 1734 215
373 1693 463 1748 arma,
477 1690 575 1744 cruor,
591 1672 705 1745 caedes,
721 1673 859 1734 incendia
874 1682 997 1753 totaque
1011 1674 1086 1736 bella

372 1767 441 1821 ante
457 1759 558 1820 oculos
574 1757 707 1820 volitant.
741 1775 812 1838 ergo
826 1759 941 1838 pulsata
956 1761 1089 1822 tumultu

371 1853 490 1925 pectora
506 1863 617 1924 perque
632 1845 705 1906 duas
721 1845 898 1907 scinduntur
912 1846 1017 1908 territa
1033 1863 1145 1908 causas.

371 1931 440 1992 huic
454 1931 522 2009 luga
538 1948 592 2009 per
605 1938 712 2004 terras,
727 1931 768 1991 illi
784 1931 875 2010 magis
890 1933 970 1994 unda
985 1933 1128 2011 probatur

372 2024 401 2076 et
415 2017 510 2094 patria
525 2022 635 2094 pontus
651 2016 710 2076 iam
726 2017 829 2076 tutior.
863 2025 909 2078 est
923 2018 1017 2096 magis
1033 2035 1113 2080 arma

303 2109 352 2158 220
371 2101 423 2180 qui
437 2109 552 2162 tentare
569 2101 636 2161 velit
651 2101 778 2180 fatisque
794 2100 966 2165 iubentibus
981 2104 1036 2164 uti.

371 2194 519 2266 quantum
535 2187 661 2266 quisque
676 2187 770 2257 timet,
786 2194 902 2248 tantum
917 2189 1000 2269 fugit.
1024 2190 1105 2252 ocior
1120 2191 1183 2270 ipse

371 2273 425 2333 hos
441 2272 519 2333 inter
534 2279 634 2333 motus
648 2273 786 2352 populna,
802 2272 968 2336 miserabile
983 2275 1056 2349 visu,

371 2377 432 2439 quo
448 2376 533 2418 mens
551 2357 608 2418 icta
624 2357 714 2430 iubet,
731 2358 848 2420 deserta
864 2359 983 2422 ducitur
997 2361 1083 2422 urbe.

370 2444 476 2523 gaudet
493 2444 586 2506 Roma
601 2444 678 2523 luga,
695 2445 892 2525 debellatique
908 2445 1038 2518 Quirites

304 2540 353 2590 225
371 2531 502 2591 rumoris
519 2530 618 2591 souitu
635 2530 797 2592 maerentia
812 2539 889 2592 tecta
903 2532 1087 2612 relinquunt.

370 2617 417 2678 ille
434 2635 525 2677 manu
540 2616 646 2695 pavida
662 2623 746 2677 natos
761 2624 854 2690 tenet,
869 2617 917 2678 ille
931 2627 1056 2697 penates

371 2702 497 2762 occultat
512 2702 624 2779 gremio
641 2701 889 2781 deploratumque
904 2703 1048 2783 relinquit

370 2785 461 2846 limen
477 2793 507 2846 et
522 2786 676 2846 absentem
692 2787 768 2846 votis
784 2786 925 2848 interficit
939 2788 1068 2850 bostem.

370 2877 440 2930 sunt
455 2870 505 2950 qui
522 2870 696 2948 coniugibus
713 2874 875 2933 maerentia
895 2882 1014 2953 pectora
1030 2876 1162 2954 iungant,

302 2969 352 3018 230
371 2956 612 3035 grandaevosque
627 2963 726 3034 patres
743 2959 903 3038 onerisque
919 2959 1020 3038 ignara
1036 2960 1176 3023 iuventus

369 3041 400 3101 id
414 3059 470 3119 pro
486 3060 546 3120 quo
561 3041 676 3113 metuit,
691 3049 807 3104 tantum
823 3045 925 3106 trahit.
957 3047 1057 3108 omnia
1072 3065 1174 3108 secum

370 3125 417 3187 hic
431 3126 511 3187 vehit
525 3127 700 3206 imprudens
715 3129 916 3211 praedamque
931 3131 964 3192 in
984 3131 1095 3211 proelia
1112 3134 1200 3196 ducit.

370 3230 403 3272 ac
417 3213 498 3274 velut
513 3232 548 3272 ex
564 3213 623 3274 alto
640 3231 706 3274 cum
720 3231 848 3292 magnus
862 3215 1013 3280 inhorruit
1028 3225 1128 3280 auster

370 3306 398 3357 et
412 3298 513 3377 prdsas
530 3298 635 3359 evertit
650 3317 750 3377 aquas,
766 3317 829 3360 non
844 3319 925 3364 arma
941 3303 1096 3375 ministris,

301 3397 350 3447 235
369 3400 430 3442 non
445 3384 581 3462 regimen
595 3384 726 3463 prodest,
742 3384 812 3463 ligat
826 3387 898 3447 alter
912 3389 1046 3467 pondera
1061 3390 1159 3470 pinus,

369 3467 442 3528 alter
456 3475 519 3530 tuta
534 3469 618 3530 sinus
632 3471 851 3550 tranquillaque
866 3472 952 3535 litor-a
968 3477 1097 3554 quaerit:

291 3618 339 3668 108
353 3625 511 3668 contractum
529 3617 689 3670 Schraderne
701 3618 710 3687 ll
724 3620 774 3672 200
783 3623 871 3673 umbra
885 3620 926 3691 011
940 3623 1088 3678 2080010010
1101 3627 1110 3695 {l
1123 3628 1173 3682 210
1183 3631 1289 3682 volucer

233 3684 241 3753 ll
255 3686 304 3736 212
320 3685 443 3736 Romanos
457 3687 606 3748 Boobera'qs.
620 3703 668 3754 quo
677 3691 785 3755 probato
797 3694 894 3741 tentant
902 3694 976 3744 obvia
989 3692 998 3760 ll
1013 3695 1058 3746 221
1079 3701 1140 3748 0010
1152 3699 1201 3752 231
1217 3699 1246 3750 V
1243 3701 1288 3750 ab·

221 3753 385 3821 lenurposm't
400 3753 404 3819 Ι
420 3753 484 3817 fugit
494 3755 566 3805 ocior
578 3757 633 3822 ipso
644 3757 795 3810 Moesalerna
807 3757 816 3825 ΙΙ
831 3757 880 3810 230
892 3763 986 3812 umeris
999 3761 1051 3813 lert
1062 3779 1146 3827 gnava
1163 3768 1254 3819 100000
1265 3773 1289 3818 et

220 3822 350 3875 Valeleona
363 3820 372 3889 ΙΙ
386 3823 432 3874 231
444 3827 506 3889 patto
518 3823 560 3874 hic
572 3840 617 3888 pro
631 3823 640 3890 l]
654 3825 704 3876 234
716 3827 846 3890 magistris
866 3827 1027 3881 Collodom'na
1039 3830 1048 3897 ll
1062 3833 1111 3883 tat
1129 3835 1186 3885 sinu
