2860 4340
619 209 621 212 ¹
700 141 857 197 rnrnorur

729 297 843 361 XXVI*

345 403 388 465 sic
402 411 504 465 contra
519 395 627 464 rerum
638 410 760 465 naturae
775 419 897 462 munera
913 409 996 464 notat

390 508 497 550 corvus
513 489 636 551 maturis
651 489 786 566 frugibus
802 507 856 550 ova
873 489 975 548 refert.

345 576 388 636 sic
403 575 511 636 format
526 575 625 654 lingua
641 574 736 636 fetum
753 592 818 636 cum
835 573 959 653 protulit
973 575 1050 646 ursa,

390 669 420 722 et
434 661 522 740 piscis
539 661 620 722 nullo
637 660 755 720 iunctus
772 677 873 720 amore
889 659 974 738 parit.

296 762 310 810 5
346 747 389 808 sic
403 747 540 808 Phoebea
556 746 654 825 chelys
671 746 765 807 vinclo
781 746 912 806 resoluta
928 744 1061 825 parentis

387 831 518 894 Lucinae
533 831 640 912 tepidis
657 827 781 891 naribus
796 850 850 892 ova
864 831 954 892 fovet.

315 935 317 939 ’
345 918 469 980 sicsine
485 916 644 980 concubitu
659 915 747 980 textis
763 916 826 994 apis
842 916 1027 980 excitaueris
1058 955 1067 970 ,

387 1005 483 1066 fervet
500 1011 529 1065 et
544 1003 647 1072 audaci
662 1002 755 1064 milite
770 1011 865 1068 castra
880 1003 984 1082 replet.

297 1149 298 1154 ,
346 1108 408 1152 non
424 1109 485 1151 uno
502 1097 642 1152 contenta
658 1089 734 1150 valet
749 1095 855 1149 natura
869 1095 984 1160 tenore,

283 1192 313 1244 10
392 1177 444 1238 sed
461 1181 644 1255 permutatas
660 1175 769 1252 gaudet
756 1173 934 1235 t‘habere
908 1193 1021 1236 vices

313 1281 358 1329 boc
371 1294 472 1329 carmen
483 1282 507 1328 at
519 1293 583 1342 quac
594 1293 669 1327 sacua
671 1279 716 1326 tur
671 1274 777 1327 tduo
785 1277 904 1328 Petronio
915 1275 1039 1326 adscribit
1045 1273 1197 1342 Fulgentius
1208 1276 1220 1343 l}
1233 1276 1310 1329 buic-

245 1355 281 1399 to.
292 1348 405 1414 fortasse
418 1347 491 1400 vultu
505 1344 513 1412 ΙΙ
527 1347 542 1396 6
556 1345 673 1396 noctibus
685 1347 777 1396 ccciccc*

710 1465 838 1529 xxvn*

351 1571 465 1653 primus
481 1565 513 1634 ln
528 1574 600 1635 orbe
615 1574 686 1634 deos
700 1572 771 1633 fecit
785 1571 883 1645 timor,
899 1572 991 1633 ardua
1007 1572 1086 1632 caelo
1118 1633 1121 1638 ,
1179 1611 1181 1616 -

350 1659 475 1720 fulmina
492 1678 559 1720 cum
575 1659 714 1721 caderent
730 1657 923 1738 discussaque
939 1657 1055 1718 moenia
1075 1657 1200 1734 llamrnis

350 1755 439 1826 atque
454 1745 531 1806 ictus
547 1745 683 1824 flagraret
697 1745 800 1817 Athos,
816 1763 886 1804 mox
901 1743 1039 1805 Phoebus
1062 1744 1097 1804 ad
1117 1749 1201 1805 ortus

350 1831 472 1893 lustrata
487 1832 627 1892 devectus
639 1832 730 1893 humo
747 1831 893 1911 lunaeque
909 1836 1046 1891 sen‘ectus

300 1933 314 1981 5
351 1924 381 1977 et
396 1926 547 1996 reparatus
562 1917 667 1989 honae,
683 1917 755 1977 hinc
769 1917 853 1995 signa
869 1916 960 1977 effusa
976 1933 1027 1995 per
1042 1914 1143 1975 orbem

333 2011 381 2063 ret
395 2009 580 2082 permutatus
596 2002 750 2064 disiunctis
766 2002 922 2063 mensibus
934 2016 1043 2063 ¹annus.
1145 2051 1148 2059 .

350 2088 477 2168 proiecit
492 2088 597 2148 vitium
613 2087 732 2166 iamque
748 2103 831 2148 error
846 2088 932 2148 iussit
946 2086 1044 2150 inanis

351 2173 492 2254 agricolas
507 2173 621 2252 primos
637 2173 735 2233 Cereri
752 2173 821 2234 dare
838 2173 943 2234 messis
958 2173 1100 2244 honorae,

351 2257 520 2339 palmitibus
537 2259 632 2339 plenis
648 2258 795 2320 Bacchum
810 2259 929 2330 vincire,
945 2258 1106 2338 Palemque

288 2360 318 2411 10
353 2353 504 2425 pastorum
520 2346 647 2424 gaudere
663 2362 762 2406 manu.
798 2351 881 2408 natat
896 2345 1020 2406 obrutus
1035 2341 1133 2424 omnis

289 2499 292 2508 Δ
354 2431 512 2511 Neptunus
529 2432 683 2492 demersus
699 2449 784 2510 aqua,
800 2431 952 2510 Pallasque
968 2431 1105 2494 tabernas
1124 2494 1127 2504 .

353 2517 489 2578 vindicat.
506 2525 535 2577 et
550 2516 611 2596 voti
623 2536 693 2577 rens
709 2525 738 2578 et
754 2517 804 2596 qui
819 2516 950 2578 vendidit
967 2516 1079 2589 orbem,

352 2603 413 2663 iam
427 2602 483 2669 sibi
499 2602 624 2682 quisque
639 2603 710 2664 deos
725 2603 807 2671 arido
824 2602 982 2666 certamine
997 2601 1082 2680 tingit

314 2704 330 2754 4
347 2704 458 2756 deiectus
472 2701 481 2769 l
495 2704 510 2754 6
526 2701 727 2770 permutatlsll'i
743 2704 852 2770 proiecit
868 2703 873 2768 l
892 2711 970 2770 atque
980 2703 988 2771 ll
1004 2705 1034 2756 10
1052 2713 1133 2758 nutat
1143 2706 1250 2760 obrutus
1267 2708 1312 2760 ced

245 2788 293 2824 ccc.
310 2788 389 2824 naauu
402 2773 533 2838 obruptus
546 2770 745 2822 uerbaaoadum
757 2771 901 2834 arnaudum,
919 2776 1017 2822 sautcut
1006 2775 1166 2840 tiascrtarre
1180 2772 1257 2828 baec:
1251 2794 1312 2843 ·pcr

245 2845 337 2911 portus
350 2839 460 2908 Neptuni
470 2834 561 2904 religio
573 2842 707 2906 spargatur
719 2855 754 2890 ea·
765 2843 915 2908 naufragiis

709 2962 850 3026 xxvnl*

354 3085 423 3128 nam
439 3066 525 3129 citius
540 3067 673 3148 flammas
690 3066 828 3128 mortales
845 3086 896 3129 ore
909 3067 1056 3130 tenebunt

354 3173 445 3238 quam
458 3161 573 3214 secreta
588 3160 700 3232 t.egant
724 3152 865 3234 quicquid
880 3153 966 3215 dimit
954 3154 1004 3216 ttis
1019 3155 1053 3216 in
1068 3155 1142 3229 aula,

302 3314 308 3322 ἱ
354 3239 480 3302 effluite
480 3233 613 3314 tsubitis
627 3238 800 3302 rumoribus
817 3239 923 3320 oppida
938 3239 1046 3319 pulsat.

199 3377 200 3387 ,
251 3342 253 3346 ·
354 3341 410 3386 nec
425 3325 495 3386 satls
512 3334 559 3386 est
573 3323 707 3404 vulgasse
722 3323 828 3384 fidem
845 3327 1023 3388 cumulatius
1040 3328 1099 3388 erit

305 3411 530 3490 5proditionis
547 3430 622 3495 opus
636 3411 805 3496 famamque
821 3429 945 3474 onerare
961 3407 1082 3492 laborat.

355 3497 398 3559 sic
413 3495 572 3558 commissa
588 3515 691 3558 verens
707 3489 808 3557 avidus
824 3515 956 3559 reserare
968 3499 1106 3560 minister

355 3583 429 3644 lodit
444 3583 571 3645 humum
585 3581 721 3663 regisque
735 3581 862 3644 latentes
877 3584 1008 3664 prodidit
1023 3603 1126 3659 aurcs3

355 3669 491 3766 concepit
506 3688 575 3730 narn
590 3676 669 3729 terra
683 3683 774 3730 sonos
789 3668 952 3750 calamique
962 3671 1118 3750 loquentes

356 3754 496 3816 invenere
511 3745 630 3827 blidam,
647 3754 765 3833 qualem
782 3765 951 3818 narraverat
966 3753 1090 3818 index

319 3853 334 3902 2
347 3856 481 3906 demittis
473 3871 498 3906 m
512 3860 598 3906 aurem
609 3855 737 3906 Francius
750 3855 759 3920 ΙΙ
772 3853 787 3905 6
800 3855 884 3907 loreas
896 3858 977 3910 codex
990 3858 1019 3910 V
1016 3873 1133 3910 armeus
1146 3855 1156 3925 ll
1169 3858 1313 3924 9coucepe·

250 3929 292 3973 rat
304 3921 462 3990 Fulgentius
475 3921 535 3974 inde
546 3931 715 3990 conspexerat
727 3923 879 3977 Muuclcerue
