2864 4344
613 86 755 142 sirmas
1175 93 1216 154 39

83 250 115 302 11
136 243 280 308 Gavillae
295 244 403 306 domus
419 249 474 306 cst.
507 242 557 316 ibi,
572 242 724 322 quomodo
739 243 779 304 dii
794 243 907 315 volunt,
927 263 1028 306 amare
1043 246 1126 326 coepi
1142 265 1216 306 uxo-

132 349 215 396 rem
230 329 362 394 Terentii
377 328 517 408 coponis:
534 328 681 392 noveratis
695 327 843 392 Melissam
859 329 1061 404 Tarentinam,
1076 331 1215 410 pulcher-

132 417 261 480 rimum
275 413 479 478 baccilrellum.
514 415 568 476 sed
584 431 637 492 ego
652 431 716 475 non
735 414 922 494 mehercules
943 417 1136 496 corporaliter
1150 435 1216 478 eam

132 507 201 566 aut
220 508 344 583 propter
364 518 414 562 res
433 500 568 564 venerias
588 499 697 572 curavi,
717 500 769 562 sad
791 500 881 578 magis
903 503 983 581 quod
1004 502 1081 564 hene
1102 510 1216 564 morata

91 601 109 652 5
133 587 214 652 fuit.
249 585 361 666 siquid
378 585 414 648 ah
429 585 478 648 illa
492 585 574 666 petii,
588 602 745 664 nunquam
762 585 835 646 milri
851 595 1006 665 negatum
1022 587 1094 649 fecit
1107 607 1215 660 assem,

133 671 306 738 semissem
322 670 426 745 habui,
442 672 575 752 quicquid
589 671 685 744 total,
706 670 738 733 in
752 670 830 732 illius
846 671 943 733 sinum
960 673 1144 745 demandavi,
1159 691 1216 734 nec

133 776 285 838 unquam
300 757 522 820 fefellitussum.
555 755 644 818 lruiua
653 757 875 820 contubernalis
883 757 919 819 ad
928 758 1027 819 villam
1039 778 1214 840 supremum

136 845 229 908 diem
245 842 328 906 obiit.
360 842 463 922 itaque
477 861 532 922 per
547 849 664 906 scutum
680 861 734 922 per
755 861 871 905 ocream
887 861 941 922 ego
963 843 1086 919 aginam,
1109 863 1215 924 quem-

136 929 312 994 admodum
336 928 373 992 ad
399 927 481 990 illam
503 926 705 1008 pervenirem:
730 932 906 990 ocra'autem
921 929 954 990 in
970 929 1114 1008 angustiis
1129 929 1216 991 amici
1288 937 1296 956 ·

76 1027 114 1078 1ο
137 1020 305 1098 appprent.
338 1012 416 1076 forte
438 1013 576 1078 dominus
599 1012 727 1092 Capuam
744 1013 856 1076 exierat
870 1015 906 1077 ad
922 1019 1022 1076 scruta
1037 1016 1109 1076 scita
1126 1034 1216 1094 expc-
1228 1014 1268 1076 62

139 1101 268 1166 moda.
296 1106 404 1180 ‘nactus
425 1116 479 1176 ego
501 1099 687 1164 occasionem
707 1100 874 1178 persuadeo
896 1099 1045 1179 hospitem
1067 1108 1213 1174 nostrum,

140 1195 183 1250 ut
204 1203 323 1250 mecum
347 1183 385 1246 ad
407 1183 546 1263 quintum
572 1183 730 1250 miliarium
759 1185 866 1247 veniat.
912 1194 975 1246 erat
996 1193 1096 1248 autem
1120 1186 1214 1257 miles,

139 1272 237 1338 fortis
251 1277 394 1354 tanquam
410 1268 515 1334 Orcus.
548 1269 740 1350 apoculamus
756 1289 812 1334 nos
827 1269 905 1332 circa
913 1270 1068 1350 gallicinia,
1084 1272 1154 1333 luna
1167 1271 1215 1333 lu-

142 1357 237 1422 oehet
251 1364 394 1435 tanquam
406 1354 540 1418 meridie.
574 1353 712 1418 venimus
721 1355 799 1418 intra
811 1355 1011 1418 monimenta:
1027 1358 1117 1418 homo
1131 1376 1215 1419 meus

81 1454 118 1510 15
141 1442 249 1523 coepit
264 1441 299 1505 ad
312 1441 400 1506 stelas
413 1441 520 1514 facere,
535 1441 625 1504 sedeo
638 1459 690 1521 ego
706 1439 915 1507 cantabundus
931 1449 961 1504 et
974 1443 1061 1504 stelas
1077 1459 1213 1504 numero.

143 1527 259 1595 deiude
274 1533 308 1589 ut
321 1525 437 1606 respexi
451 1525 487 1588 ad
504 1527 653 1612 comitem,
668 1527 717 1587 ille
733 1527 814 1588 cruit
829 1547 863 1590 se
877 1535 907 1588 et
919 1528 1020 1589 omnia
1037 1527 1215 1590 vestimenta

142 1614 316 1678 secundum
331 1613 408 1676 viam
423 1613 531 1692 posuit.
565 1611 638 1675 milri
653 1612 752 1676 anima
774 1613 806 1674 in
828 1631 901 1674 naso
918 1633 990 1686 esse,
1011 1613 1126 1676 stabatn
1147 1621 1215 1674 tan·
1279 1643 1281 1648 ·

146 1718 242 1780 quam
258 1705 404 1762 nonnus.
438 1705 468 1760 at
488 1698 536 1760 ille
555 1697 776 1760 circumminxit
795 1699 971 1760 vestimenta
990 1717 1045 1760 sua
1066 1708 1096 1760 et
1115 1699 1215 1760 subito

145 1788 239 1866 lupus
255 1787 350 1848 lactus
367 1789 421 1846 est.
455 1783 548 1846 nolite
568 1801 617 1844 me
637 1783 729 1846 iocari
742 1792 863 1862 putare;
889 1791 923 1844 ut
945 1783 1082 1858 mentiar,
1104 1783 1216 1846 nullius
1295 1837 1297 1839 ,

87 1883 125 1938 ro
146 1869 366 1952 patrimonium
380 1868 457 1932 tanti
471 1869 557 1932 facio.
590 1867 654 1941 sed,
665 1869 746 1948 quod
762 1887 917 1948 coeperam
935 1868 1042 1943 dicere,
1058 1877 1215 1950 postquam

145 1959 239 2038 lupus
254 1956 349 2018 factus
365 1963 420 2026 est,
436 1955 550 2018 ululare
565 1953 663 2034 coepit
679 1962 709 2016 et
723 1953 755 2016 in
769 1955 857 2016 silvas
872 1955 959 2034 fugit,
1003 1973 1058 2034 ego
1077 1955 1216 2035 primitus

146 2039 321 2108 nesciebam
336 2039 388 2102 uhi
403 2058 509 2112 essem,
532 2039 639 2103 deinde
655 2039 774 2114 accessi,
795 2048 829 2102 ut
850 2041 1026 2102 vestimenta
1048 2041 1111 2102 eius
1130 2040 1215 2102 tolle-

146 2145 230 2193 rem:
253 2127 414 2190 illaautem
429 2125 543 2206 lapidea
556 2125 631 2188 lacta
646 2134 727 2188 sunt.
761 2125 812 2206 qui
832 2125 909 2188 mori
930 2126 1039 2188 timore
1061 2126 1120 2188 nisi
1140 2122 1216 2205 ego?

147 2212 280 2294 gladium
294 2219 395 2274 tamen
411 2211 517 2272 strinxi
531 2218 560 2274 ct
573 2210 606 2274 in
617 2217 681 2274 tota
696 2209 740 2271 via
757 2212 878 2275 umbras
891 2211 991 2285 cecidi,
1007 2211 1102 2274 donec
1113 2211 1149 2273 ad
1162 2210 1216 2273 vil-

92 2315 127 2366 25
148 2301 209 2362 lam
226 2296 335 2360 amicae
350 2316 436 2358 meae
451 2296 650 2376 pervenirem.
695 2303 729 2356 ut
743 2295 825 2358 larua
841 2297 958 2369 intravi,
974 2316 1071 2377 paene
1086 2296 1216 2360 animam
1330 2328 1336 2340 ·

149 2383 280 2455 ebullivi,
296 2383 389 2448 sudor
403 2381 476 2444 mihi
490 2401 544 2462 per
558 2380 711 2444 bifurcum
726 2382 849 2455 volabat,
866 2382 944 2444 oculi
958 2382 1078 2454 mortui,
1094 2381 1142 2442 vir
1157 2400 1216 2442 un-

149 2488 242 2551 quam
256 2468 386 2532 relectus
400 2486 478 2554 sum:
512 2466 628 2532 Melissa
643 2485 710 2530 mea
725 2466 828 2530 mirari
843 2467 950 2546 coepit,
970 2468 1051 2548 quod
1067 2474 1128 2528 tam
1150 2486 1217 2530 sero

148 2553 344 2626 ambularem,
360 2560 389 2614 et
405 2552 450 2614 “si
465 2551 552 2615 aote”
567 2551 666 2631 inquit
681 2551 850 2620 “venisses,
862 2553 966 2614 saltem
984 2552 1069 2613 nobis
1085 2551 1216 2616 adiutas-

149 2660 217 2715 ses3
236 2639 325 2720 lupus
342 2637 423 2701 enim
437 2639 536 2700 villam
551 2635 674 2699 intravit
697 2644 725 2698 et
748 2635 847 2697 omnia
868 2655 974 2717 pecora
994 2637 1127 2716 percutit,
1147 2643 1216 2697 tan-

95 2743 130 2793 ao
149 2743 241 2808 quam
256 2724 352 2788 lanius
368 2725 542 2803 sangrrincm
557 2722 615 2786 illia
630 2722 719 2788 misit.
753 2740 809 2784 nec
824 2730 925 2786 tamen
945 2721 1057 2795 derisit,
1080 2722 1169 2784 etiam
1192 2721 1218 2783 si

148 2809 358 2892 fugitqservns
374 2809 454 2872 enirn
471 2817 574 2872 noster
588 2808 689 2874 lancea
707 2808 814 2870 collum
830 2808 894 2872 eius
909 2807 1051 2870 traiecit.”
1096 2809 1170 2870 haec
1184 2815 1217 2868 ut

148 2895 259 2969 audivi,
276 2895 392 2975 operire
407 2896 508 2958 oeulos
525 2893 651 2974 amplius
663 2911 725 2954 non
741 2893 833 2973 potui,
849 2893 901 2956 sed
918 2895 982 2958 luoe
998 2894 1076 2956 clara
1091 2894 1144 2956 Gai
1159 2911 1216 2956 no-

150 2981 208 3046 stri
219 2981 342 3046 demum
358 2979 421 3059 lugi
435 2989 578 3061 tanquam
593 2999 668 3059 copo
684 2979 868 3058 compilatus,
884 2987 913 3040 et
928 2987 1086 3060 postquam
1101 2979 1170 3041 veni
1185 2979 1217 3042 in

148 3068 236 3134 illum
250 3068 359 3138 locum,
380 3066 412 3130 in
428 3085 488 3148 quo
502 3065 615 3146 lapidea
631 3064 807 3128 vestimenta
822 3071 906 3128 erant
921 3066 1006 3137 lacta,
1026 3065 1100 3128 nihil
1118 3065 1218 3126 inveni
1261 3140 1264 3145 ι

98 3167 131 3218 35
150 3153 210 3218 nisi
231 3152 415 3231 sauguinem.
451 3159 484 3214 ut
504 3169 575 3214 vero
598 3151 721 3212 domum
742 3150 820 3221 veni,
839 3149 952 3212 iacebat
973 3151 1058 3213 miles
1080 3170 1165 3212 meus
1186 3151 1218 3212 in

151 3239 229 3303 lecto
245 3247 387 3316 tanquam
402 3237 497 3311 bovis,
515 3247 544 3300 ct
558 3237 667 3300 collum
682 3235 761 3302 illius
777 3235 910 3299 medicus
927 3237 1057 3299 curabat.
1084 3236 1218 3300 intellexi
1309 3247 1313 3256 '

150 3323 236 3388 illum
250 3321 436 3402 versipellem
453 3343 528 3396 ease,
545 3341 601 3387 nee
615 3329 718 3402 postea
734 3339 802 3382 curn
818 3321 867 3383 illo
881 3329 989 3400 panem
1000 3330 1117 3401 gustare
1125 3322 1218 3400 potui,

150 3427 216 3476 non
236 3410 262 3472 si
276 3428 325 3472 me
340 3409 508 3472 occidisses.
552 3406 681 3470 viderint
702 3407 751 3470 alii
769 3406 840 3486 quid
866 3407 903 3468 de
922 3407 978 3470 hoc
999 3407 1218 3488 exopinisscnt;

151 3514 206 3576 ego
222 3495 248 3557 si
263 3494 402 3568 mentior,
419 3495 521 3574 genios
536 3501 650 3556 vestros
665 3492 756 3558 iratos
771 3491 918 3556 habeam!

222 3662 239 3712 ³
251 3663 314 3726 aem]
328 3659 464 3724 autemut
477 3659 540 3712 banc
553 3659 648 3710 aanor
660 3657 669 3726 ΙΙ
683 3661 698 3710 5
711 3657 889 3724 &clamidem
902 3661 1090 3728 cetperr‘c'tpoat
1100 3667 1219 3724 negatum

164 3729 257 3799 laesi
269 3728 371 3794 aeluri
384 3727 394 3796 ll
409 3729 441 3780 10
452 3743 530 3794 capue
543 3727 553 3797 ll
569 3729 599 3782 15
611 3729 654 3778 sed
668 3741 714 3790 apa
727 3725 737 3793 ΙΙ
752 3727 782 3780 17
795 3727 857 3778 milri
874 3728 901 3778 in
913 3727 995 3778 animo
1007 3727 1031 3778 in
1050 3743 1111 3780 naso
1125 3726 1134 3796 ll
1149 3729 1220 3796 ilat

151 3807 221 3852 reate
237 3799 293 3852 vita
308 3805 353 3849 tao
364 3795 489 3864 umbrant!
503 3798 534 3850 25
547 3799 574 3850 in
590 3797 688 3848 laruam
701 3795 756 3864 1116
774 3795 875 3847 celabat
886 3795 1017 3848 damastes
1030 3795 1039 3864 11
1052 3797 1084 3849 32
1098 3795 1156 3860 Gai]
1172 3799 1219 3848 trac

164 3867 176 3934 ΙΙ
189 3868 222 3919 38
239 3867 356 3919 viderint
367 3867 410 3934 qui
421 3867 469 3917 lroc
480 3869 511 3919 de
522 3865 586 3918 alilri
599 3865 774 3932 eropioisaent
814 3927 816 3932 ,
