2864 4344
205 189 225 252 2

204 341 284 405 misit
313 341 439 417 Neroni3
470 342 615 423 fregitque
646 343 785 416 anulum,
808 361 848 404 ne
874 361 942 404 mox
959 343 1026 404 usui
1052 352 1129 405 esset
1151 345 1187 406 ad
1212 344 1258 407 la-

119 490 126 512 ·
204 429 306 491 cienda
320 428 458 509 pericula.
489 428 647 508 ambigenti
663 427 782 501 Neroni,
798 429 1028 508 quonammodo
1042 429 1174 490 noctium
1189 448 1257 492 sua·

203 533 271 576 rum
293 513 409 593 ingenia
432 523 633 587 notescerent,
663 515 785 576 offertur
807 514 876 576 Silia
899 514 1087 576 matrimonio
1115 515 1259 577 senatoris

203 600 282 662 haud
297 600 395 680 ignota
410 601 440 661 et
458 599 513 681 ipsi
529 600 564 660 ad
580 618 700 662 omnem
712 599 863 661 libidinem
875 599 983 662 adscita
995 619 1029 661 au
1039 600 1178 661 Petronio
1189 620 1259 681 per·

203 704 292 766 quarn
308 685 465 748 familiaris.
503 685 599 765 agitur
613 686 645 747 in
659 685 788 758 exilium,
802 695 945 767 tanquam
967 704 1028 747 non
1042 685 1169 748 siluisset
1183 705 1259 768 quae
1356 692 1358 696 ’

203 771 314 842 viderat
329 772 557 853 pertuleratque,
572 771 692 852 proprio
708 771 784 834 odio.

287 1176 448 1240 Macrobius
464 1181 495 1240 iu
513 1181 652 1239 somnium
666 1175 804 1258 Scipionis
824 1176 842 1238 l
858 1176 888 1251 2,
911 1175 946 1239 8.-
971 1177 1106 1240 auditum
1128 1178 1260 1239 mulcent

202 1264 281 1325 velut
295 1264 463 1326 comoediae
478 1264 576 1344 quales
591 1263 752 1325 Menander
769 1263 867 1325 eiusve
881 1263 1042 1325 imitatores
1064 1263 1191 1343 agendas
1206 1264 1259 1324 de-

203 1350 320 1422 derunt,
335 1350 381 1410 vel
396 1357 567 1428 argumenta
583 1349 657 1410 lictis
672 1349 787 1411 casibus
799 1358 964 1411 amatorum
979 1349 1085 1411 referta
1097 1349 1204 1428 quibus
1215 1349 1261 1410 vel

203 1436 330 1498 multum
345 1454 376 1498 se
390 1435 507 1498 Arbiter
528 1434 658 1498 exercuit
680 1435 726 1497 vel
739 1434 895 1516 Apuleium
917 1451 1133 1516 nonnunquam
1155 1433 1261 1496 lusisse

202 1538 354 1586 miramur.

287 1926 407 1990 loannes
421 1925 515 2008 Lydus
530 1928 565 1990 de
578 1929 789 2008 maaiuraabru
803 1925 821 1992 l
832 1927 889 1992 41.-
909 1925 1051 2008 Τοῦρνος
1062 1923 1100 1988 δὲ
1111 1923 1167 1988 καὶ
1180 1917 1259 1990 Ἰου»

203 2007 355 2093 perditos
375 2011 430 2076 καὶ
448 2009 632 2093 Πετρώνιος
651 2008 796 2076 αὐτόθεν
824 2022 898 2086 ταῖς
914 2009 1099 2096 λοιᾷορίαις
1125 2009 1259 2084 ἐπεξελ-

202 2094 321 2172 θόντες
335 2096 392 2162 τὸν
408 2096 584 2181 σατυρικὸν
598 2094 700 2181 νόμον
716 2099 940 2181 nuntiabunt.
