2864 4344
231 153 272 224 36
685 156 841 210 ΡΕΊἭΟΝΠ

230 333 359 416 glebulas
376 333 445 405 emi,
459 331 622 395 lamellulas
638 334 750 412 paravi,
770 332 873 410 viginti
888 340 1007 396 ventres
1025 349 1112 410 pasco
1131 340 1161 393 et
1177 351 1302 407 cancm3
1322 343 1348 392 Η

230 419 475 482 contubernalem
491 435 588 478 meam
604 419 728 492 redemi,
744 436 783 480 ne
799 417 866 498 quis
882 417 913 478 in
928 422 994 480 sirau
1013 416 1092 478 illius
1112 437 1223 480 manus
1237 425 1302 480 ter-

230 512 326 586 gerem
352 503 432 565 mille
446 503 585 565 denarios
600 521 655 584 pro
670 506 765 584 eapite
781 503 868 580 solvi3
890 503 967 565 sevir
988 504 1081 582 gratia
1101 505 1199 566 taetus
1214 523 1303 580 sum;

230 609 327 672 spero,
343 589 385 650 sie
400 589 519 662 moriar,
538 597 568 650 ut
581 598 717 652 utortuus
729 607 791 652 nun
802 589 988 651 erubescam.
1018 598 1052 650 tu
1068 599 1171 651 autem
1182 599 1247 651 tam
1257 591 1304 652 la·

229 676 367 739 boriosus
383 691 422 746 es,
438 684 472 736 ut
487 683 554 754 post
565 684 595 735 te
606 691 668 736 nun
682 673 843 755 respicias?
866 675 898 735 iu
914 675 971 736 alio
982 675 1140 754 peduclum
1158 675 1252 747 vides,
1267 676 1303 737 in
1322 687 1336 734 5
1398 713 1399 734 t

231 773 261 825 te
275 761 401 822 ricinum
423 777 485 822 non
501 760 592 822 rides.
628 761 681 822 tibi
701 762 754 824 soli
770 761 879 823 ridiclei
901 759 1050 834 uidemur3
1073 780 1141 824 ecce
1157 761 1305 840 magister
1398 741 1399 810 i

231 858 312 920 tuus,
327 846 418 908 humo
434 847 528 910 maior
544 854 644 908 natus:
667 848 816 927 placemus
831 846 880 908 illi.
919 855 952 908 tu
968 846 1159 909 lecticulosus
1175 865 1235 908 nee
1248 863 1303 910 mu

231 953 288 996 nee
302 951 350 994 ma
366 941 495 1011 argutas,
512 933 720 1005 vuanafredus,
742 935 834 994 immo
851 934 932 994 lorus
947 933 976 993 in
994 950 1077 1012 aqua,
1099 933 1222 1006 lentior,
1239 951 1302 994 non

231 1018 345 1082 melior.
374 1026 406 1080 tu
425 1017 542 1080 heatior
561 1035 607 1080 es:
631 1018 676 1080 bis
696 1019 818 1100 prande,
841 1017 984 1080 bissena.
1022 1038 1076 1099 ego
1092 1019 1185 1080 tidem
1202 1036 1304 1080 meam

231 1105 309 1168 malo
325 1123 413 1186 quam
430 1104 593 1165 thesauros·
625 1105 662 1166 ad
675 1121 835 1174 summam,
851 1105 1009 1184 quisquam
1021 1123 1069 1167 me
1081 1105 1127 1166 bis
1140 1102 1305 1186 poposcit?
1325 1115 1357 1166 tu

232 1190 319 1276 annis
336 1188 529 1271 quadraginta
552 1190 671 1264 servium
691 1209 781 1252 nemo
803 1199 903 1252 tamen
919 1190 992 1263 sciit,
1014 1199 1115 1254 utrum
1132 1209 1239 1254 seruus
1255 1209 1305 1254 es-

232 1295 295 1339 sem
311 1293 349 1338 an
364 1275 448 1337 liber.
485 1283 514 1336 et
536 1293 611 1356 puer
628 1278 782 1357 capillatus
797 1275 830 1338 iu
845 1277 921 1338 hauc
936 1277 1083 1340 coloniam
1100 1277 1181 1350 veni3
1206 1278 1307 1340 adhuc

231 1362 348 1426 basilica
364 1379 427 1424 non
442 1368 505 1422 erat
519 1361 603 1423 lacta.
628 1362 695 1424 dedi
710 1372 811 1426 tamon
826 1380 958 1442 operam,
974 1371 1008 1423 ut
1024 1362 1146 1424 domino
1166 1362 1239 1425 satis
1258 1363 1273 1424 i
1291 1398 1307 1410 -

232 1465 340 1520 cerem,
360 1445 473 1508 homini
489 1446 621 1508 maiiesto
638 1457 667 1510 et
687 1449 861 1528 dignitosam
882 1447 966 1509 cuius
986 1448 1079 1528 pluris
1104 1457 1168 1510 erat
1184 1449 1306 1527 unguis,

232 1551 321 1614 quam
336 1539 370 1593 tu
385 1540 467 1592 tutus
483 1549 523 1594 es.
558 1541 587 1594 et
602 1533 747 1596 habebam
761 1535 792 1596 in
809 1535 908 1604 domo,
925 1534 976 1612 qui
993 1533 1066 1595 mihi
1081 1534 1189 1614 podem
1206 1553 1304 1614 oppo-
1327 1543 1358 1594 15

232 1625 340 1682 nerent
355 1618 410 1680 hac
424 1617 505 1692 illae,
520 1627 621 1680 tamen
637 1643 680 1672 -ι
695 1619 783 1698 genio
798 1619 876 1680 iilius
891 1620 1000 1698 gratias
1015 1658 1056 1666 -
1073 1619 1196 1681 enatavi.
1230 1621 1307 1683 baec

161 1735 164 1742 ¹
232 1712 305 1767 sunt
318 1720 388 1766 uera
409 1703 504 1778 athla;
525 1721 593 1766 nam
612 1705 661 1784 [in]
677 1706 841 1786 ingenuum
862 1705 943 1766 nasei
964 1713 1024 1768 mm
1040 1705 1126 1766 lacile
1150 1713 1198 1766 est
1213 1723 1307 1785 quam

233 1791 359 1854 “accede
373 1788 471 1852 istoc'’.
509 1791 579 1869 quid
595 1806 677 1854 nunc
691 1801 792 1872 stupes
808 1799 949 1870 unquam
964 1792 1064 1854 hircus
1080 1791 1111 1852 in
1128 1787 1267 1852 ciuilia?'

179 1874 219 1938 58
318 1883 385 1956 post
399 1876 457 1937 bue
472 1875 584 1937 dictum
599 1877 698 1949 Giton,
722 1878 772 1956 qui
784 1877 820 1937 ad
836 1877 927 1955 pedes
944 1877 1047 1950 stabat,
1064 1877 1159 1938 risum
1175 1876 1237 1938 iam
1253 1877 1306 1939 diu

233 1977 439 2041 compressum
455 1960 545 2022 eliam
560 1961 736 2024 indecenter
750 1962 863 2024 effudit.
895 1962 975 2042 quud
991 1981 1058 2024 cum
1072 1962 1306 2024 animadvertis-
1324 1973 1358 2023 20

233 2056 279 2110 set
291 2045 475 2110 adversarius
487 2047 606 2127 Ascylti,
624 2047 884 2110 flexitconvicium
899 2048 930 2108 in
943 2065 1070 2129 puerum
1088 2056 1117 2111 et
1133 2055 1175 2108 ‘tu
1191 2047 1306 2109 autem’
1398 2107 1399 2134 ,

233 2133 331 2214 inquit
346 2131 446 2194 ‘etiam
462 2139 494 2193 tu
509 2132 599 2206 rides
616 2151 704 2215 caepa
719 2130 849 2195 cirrata?
871 2134 900 2195 io
917 2133 1092 2208 Saturnalia,
1114 2151 1200 2212 rugo,
1217 2151 1307 2196 men-
1398 2145 1399 2228 p

234 2220 275 2282 sis
291 2217 448 2282 december
463 2215 533 2280 est?
556 2221 674 2300 quaudo
690 2219 858 2282 vicesimam
876 2217 1063 2281 numerasti?
1167 2219 1241 2297 quid
1258 2219 1305 2281 ia·
1398 2241 1399 2296 ι

233 2306 299 2377 ciat,
315 2303 410 2366 crucis
427 2303 505 2374 offla,
523 2323 679 2366 cornorum
696 2305 814 2367 cibaria.
846 2303 964 2377 curabo,
980 2305 1041 2366 iam
1055 2304 1105 2366 tibi
1117 2304 1196 2365 lovis
1209 2305 1305 2367 iratus
1398 2299 1399 2356 l

233 2392 280 2464 sit,
296 2398 326 2452 et
339 2389 390 2452 isti
406 2389 456 2470 qui
471 2389 525 2451 tibi
537 2409 598 2452 nun
610 2391 746 2469 imperat.
776 2391 816 2452 ita
829 2400 913 2452 satur
924 2409 1001 2469 pane
1013 2391 1089 2461 iiam,
1105 2397 1139 2450 ul
1150 2405 1204 2468 ego
1221 2391 1304 2452 istud
1325 2399 1358 2449 25
1398 2359 1399 2450 i

233 2477 480 2541 conlibertorueu
496 2477 589 2549 doum
612 2477 742 2557 alioquin
757 2476 816 2538 iam
831 2475 884 2538 tibi
905 2476 1179 2558 depraesentiarum
1199 2477 1305 2538 reddi·

233 2564 353 2626 diesem.
382 2562 458 2624 bene
470 2581 524 2624 nos
536 2563 688 2635 habemus,
705 2571 735 2625 at
746 2563 794 2624 isti
809 2581 913 2642 nugae,
929 2562 980 2642 qui
995 2561 1047 2623 tibi
1065 2578 1127 2622 nou
1142 2561 1305 2640 imperant.
1398 2577 1399 2594 ¹

232 2651 319 2730 piane
335 2649 431 2730 qualis
447 2649 595 2722 dominus,
615 2650 679 2712 talis
696 2657 725 2710 et
744 2667 860 2710 servus.
880 2647 943 2709 'vix
965 2666 1013 2708 me
1034 2654 1133 2720 teneo,
1157 2666 1213 2708 nec
1235 2667 1305 2710 sum
1398 2647 1399 2656 ’

233 2744 340 2799 natura
361 2733 593 2808 caldicerebrius,
615 2736 664 2796 aed
679 2753 746 2794 cum
768 2734 861 2812 coepi,
886 2741 1012 2794 matrem
1034 2751 1131 2794 meam
1154 2733 1304 2812 dupundii

233 2841 295 2883 non
310 2819 395 2882 facio.
425 2828 515 2893 recte,
537 2819 642 2881 videbo
658 2828 688 2880 le
703 2821 735 2880 in
750 2819 910 2899 publicum,
927 2836 1004 2890 mus,
1029 2820 1120 2880 immo
1136 2827 1236 2880 terrae
1251 2827 1303 2881 tu·
1324 2825 1358 2878 30

232 2908 300 2970 ber:
325 2922 382 2966 nee
396 2923 516 2966 sursum
532 2923 588 2967 uec
602 2905 744 2966 deorsum
761 2922 822 2966 non
840 2923 950 2983 cresco,
968 2905 1026 2965 nisi
1042 2904 1200 2966 dominum
1216 2911 1305 2966 tuum

233 2993 265 3053 in
280 2998 365 3052 rutae
380 2991 485 3051 lulium
504 2993 583 3069 [non]
601 2991 765 3065 coniecere,
782 3009 838 3052 nec
849 2989 903 3051 tibi
915 3008 1047 3070 persero,
1064 2990 1304 3052 licet'mebereu·

232 3078 275 3139 les
289 3077 390 3138 Iouem
406 3075 575 3156 Olympium
588 3077 709 3139 clames
741 3077 861 3150 curabo,
883 3075 972 3156 longe
987 3075 1041 3137 tibi
1057 3076 1096 3137 sit
1112 3075 1230 3137 comula
1248 3076 1305 3138 ista
1337 3108 1340 3112 ·

232 3162 341 3225 besalis
363 3169 392 3222 et
415 3159 554 3224 dominus
577 3163 811 3243 dupunduarius.
850 3172 939 3232 recte,
960 3163 1061 3223 venies
1083 3161 1139 3222 sub
1162 3161 1303 3222 dentem:

234 3256 284 3311 aut
299 3264 352 3325 ego
368 3265 430 3308 non
445 3266 494 3308 me
516 3249 595 3321 nori,
616 3258 743 3310 autnon
759 3249 920 3320 deridebis,
944 3247 1013 3309 lieet
1033 3245 1157 3309 barbam
1180 3265 1304 3309 auream
1324 3259 1358 3310 35

233 3333 350 3395 habeas.
382 3333 497 3399 athana
513 3333 565 3395 tibi
580 3334 653 3397 irata
669 3335 717 3408 sit,
735 3334 852 3405 curabo,
874 3333 969 3416 etqui
985 3340 1015 3394 te
1037 3333 1152 3414 primus
1168 3331 1303 3394 deurode

233 3418 314 3480 fecit.
344 3435 405 3480 non
421 3418 509 3480 didici
530 3421 718 3497 geometricus,
740 3419 839 3482 critica
861 3429 891 3481 et
910 3421 1020 3500 alogias
1042 3419 1166 3491 menica,
1188 3417 1242 3480 sed
1258 3419 1302 3479 la-

232 3504 360 3584 pidarias
372 3503 476 3565 literas
499 3506 569 3579 scio,
592 3514 692 3585 partes
709 3513 829 3568 centum
846 3507 911 3568 dico
928 3506 963 3568 ad
979 3524 1039 3578 aes,
1061 3505 1098 3565 ad
1119 3504 1250 3583 pondus,
1268 3503 1304 3566 ad

234 3657 447 3676 ..a-a——l—q-ss

305 3751 336 3801 14
349 3750 409 3802 mali
422 3749 472 3801 iste
498 3747 507 3817 11
520 3749 553 3799 22
565 3750 653 3802 turdos
666 3766 727 3817 cepa
740 3751 865 3817 pinnatae
883 3749 892 3818 ll
907 3752 938 3802 23
956 3754 1052 3803 tentavi
1066 3748 1214 3812 numerasti,
1237 3749 1303 3815 stig-

234 3819 321 3884 matis,
338 3819 423 3870 erucis
436 3817 445 3886 ΙΙ
458 3819 491 3870 at
507 3824 552 3870 aut
568 3818 614 3870 isti
631 3833 711 3884 penge
723 3817 735 3882 11
747 3818 780 3869 28
793 3819 847 3880 nec]
866 3826 893 3869 et
905 3818 914 3886 {l
928 3821 959 3872 29
978 3820 1066 3872 caldus
1085 3819 1153 3870 cicer
1175 3817 1231 3869 eius
1244 3818 1256 3883 ΙΙ
1269 3819 1300 3869 31

236 3889 303 3953 [uon]
317 3903 428 3940 crescam
441 3885 613 3938 marmandae
625 3884 635 3952 {l
648 3885 680 3936 32
693 3885 805 3936 coniecit
820 3886 824 3952 Ι
839 3902 884 3952 par
894 3903 939 3938 ero
953 3886 962 3955 ll
976 3889 1008 3938 36
1018 3889 1302 3955 tatereputegraecum

235 3957 286 4008 tulo
297 3949 405 4025 δημώδη
430 3953 439 4023 ll
452 3955 484 4005 at
497 3969 580 4006 meras
592 3951 725 4005 Merateliua
