2860 4340
235 140 296 202 106
682 135 837 190 rnrnonu

233 291 357 356 terent?
379 294 456 357 sicut
469 302 552 356 muta
567 292 704 357 animalia
726 292 790 355 cibo
805 291 987 368 inescantur,
1012 291 1055 354 sio
1072 293 1209 356 homines
1231 311 1295 356 non
1314 297 1338 349 L

234 389 408 461 caperentur
424 379 481 442 nisi
496 380 561 460 spei
575 379 684 462 aliquid
700 379 878 441 morderent’

748 493 767 529 tt

164 553 221 614 141
318 561 363 615 ‘ex
379 555 477 618 hirica
494 555 585 628 navis,
601 563 635 617 ut
649 554 839 636 promiseras,
856 573 923 616 cum
939 552 1063 634 pecunia
1078 560 1129 614 tua
1145 553 1294 616 etfamilia

234 658 296 702 non
311 640 400 702 venit.
430 648 597 721 captatores
613 641 673 703 ianr
689 639 823 702 exhausti
842 639 1044 701 liberalitatem
1065 639 1294 701 imminuerunt.

234 727 334 826 itaque
350 734 402 788 aut
416 725 509 837 fallor,
527 735 577 789 aut
592 730 711 788 fortuna
728 725 895 812 conxnunis
911 724 1007 805 coepit
1023 724 1121 786 redire
1136 725 1170 786 ad
1186 726 1295 806 poeni·
1314 738 1329 786 5

235 820 360 875 tentiam
373 821 456 875 tuam

751 925 771 961 e
918 955 922 970 t

318 993 444 1061 ‘omnes
460 985 557 1068 quiin
573 993 752 1048 testamento
774 1005 842 1047 meo
862 987 955 1066 legata
974 985 1095 1058 habent,
1118 992 1238 1066 praeter
1256 985 1289 1046 li-

232 1072 333 1134 bertos
354 1091 437 1134 meos
463 1073 519 1134 hac
538 1072 711 1134 condicione
729 1071 909 1152 percipient,
935 1090 1012 1152 quae
1032 1071 1109 1144 dedi,
1136 1071 1162 1132 si
1185 1090 1294 1152 eorpus

234 1177 334 1220 meum
349 1159 381 1220 in
395 1166 494 1240 partes
510 1157 695 1221 conciderint
710 1166 739 1220 et
754 1165 871 1219 astante
885 1157 995 1239 populo
1012 1157 1204 1220 comederint'

753 1267 772 1303 dl

319 1334 405 1414 ‘apud
413 1334 665 1414 quasdamgentes
677 1333 787 1396 scimus
800 1333 896 1395 adbuc
907 1334 1002 1412 legem
1012 1332 1130 1404 servari,
1146 1338 1208 1394 uta
1223 1350 1295 1413 pro·
1316 1344 1343 1397 10

232 1419 353 1501 pinquis
366 1420 426 1480 suis
439 1427 653 1482 consumantur
665 1419 808 1493 defuncti,
824 1420 895 1482 adeo
908 1417 1038 1499 quidem,
1053 1427 1087 1480 ut
1100 1417 1298 1498 obiurgentur

233 1505 312 1586 aegri
327 1507 508 1587 frequenter,
524 1505 603 1585 quod
620 1524 739 1568 earnem
751 1525 835 1568 suem
847 1505 956 1568 faciant
967 1504 1109 1585 peiorem.
1132 1503 1178 1566 his
1190 1505 1297 1566 admo·

234 1610 291 1654 neo
308 1590 419 1653 amicos
435 1609 526 1663 meos,
554 1610 593 1652 ne
608 1599 749 1654 recusent
764 1610 839 1672 quae
861 1590 960 1664 iubeo,
983 1591 1035 1652 sed
1057 1591 1165 1672 quibus
1186 1590 1297 1653 animis

233 1676 403 1740 devoverint
417 1677 555 1757 spiritum
572 1696 683 1755 meum,
700 1677 812 1739 eisdem
830 1677 919 1738 etiam
935 1694 1042 1756 corpus
1058 1675 1245 1738 consumant‘

751 1782 770 1818 lt

318 1853 490 1915 excaecabat
504 1852 647 1933 pecuniae
668 1853 774 1934 ingens
795 1853 872 1916 fama
894 1855 995 1916 oculos
1011 1852 1187 1932 animosque
1202 1851 1294 1914 mise-
1317 1863 1343 1912 15

231 1956 343 2001 rorum.

317 2023 440 2103 Gorgias
455 2031 575 2103 paratus
590 2031 654 2086 erat
670 2024 792 2104 exsequi

747 2129 766 2164 11·

316 2195 362 2255 ‘de
377 2193 522 2256 stomachi
538 2193 581 2255 tui
597 2195 784 2257 recusatione
799 2212 862 2257 non
875 2194 970 2258 habeo
986 2195 1067 2276 quod
1082 2194 1214 2256 timeam.
1245 2215 1296 2258 se-

232 2288 342 2362 quetur
355 2279 525 2360 imperium,
540 2279 565 2340 si
579 2281 751 2359 promiseris
766 2281 807 2343 illi
819 2300 873 2362 pro
884 2281 974 2344 unius
984 2283 1074 2343 horae
1085 2279 1202 2343 fastidio
1216 2283 1296 2343 mul·

231 2376 332 2428 torum
344 2364 492 2427 bonorum
504 2365 721 2445 pensationem.
745 2367 828 2448 operi
840 2369 930 2430 modo
943 2367 1044 2431 oculos
1056 2373 1085 2427 et
1097 2367 1175 2444 smge
1188 2374 1218 2428 te
1230 2385 1296 2430 non
1313 2375 1343 2426 20

230 2454 361 2514 bumana
376 2453 488 2514 viscera
509 2453 559 2513 sed
583 2452 695 2516 centies
717 2454 888 2516 sestertium
912 2471 1054 2517 comesse.
1089 2451 1200 2514 accedit
1226 2452 1295 2526 huc,

232 2539 312 2620 quod
328 2539 424 2619 aliqua
437 2537 625 2622 inveniemus
637 2538 848 2614 blandimenta,
865 2537 972 2620 quibus
985 2556 1120 2621 saporem
1129 2546 1294 2602 mutemus

231 2642 330 2704 neque
345 2624 424 2686 enim
441 2624 499 2687 ulla
514 2642 581 2686 caro
596 2643 651 2704 per
666 2644 698 2687 se
712 2626 816 2704 placet,
836 2626 888 2687 sed
904 2634 966 2702 arte
982 2625 1108 2706 quadam
1125 2624 1294 2705 corrumpi·

232 2720 282 2773 tur
304 2717 334 2771 et
350 2711 503 2771 stomacho
524 2711 697 2772 conciliatur
716 2730 828 2773 averso.
862 2710 941 2791 quod
965 2713 989 2774 si
1010 2707 1152 2790 exemplis
1175 2729 1294 2792 quoque

232 2795 276 2858 vis
291 2794 410 2875 probari
421 2796 589 2867 consilium,
605 2796 762 2882 Saguntini
773 2797 906 2878 oppressi
922 2795 958 2857 ab
966 2795 1130 2860 Hannibale
1146 2796 1296 2860 humanas
1312 2806 1342 2858 25

169 2917 174 2926 ·
232 2882 320 2944 edere
343 2899 456 2954 carnes,
478 2900 533 2944 nec
553 2881 749 2943 hereditatem
766 2883 967 2962 expectabant.
1001 2879 1128 2944 Petelini
1148 2881 1227 2942 idem
1248 2882 1263 2943 f
1280 2917 1295 2926 -

233 2974 338 3030 cerunt
352 2967 384 3027 in
400 2965 504 3028 ultima
520 2969 607 3041 fame,
635 2985 690 3028 nec
711 2967 869 3049 quicquam
893 2969 971 3031 alind
993 2968 1026 3032 in
1048 2968 1103 3047 bae¹
1124 2967 1295 3047 epulatione

232 3051 398 3134 captabant,
421 3052 479 3114 nisi
501 3062 618 3116 tantum
641 3072 679 3115 ne
701 3053 859 3115 esurirent.
897 3072 965 3116 cum
992 3062 1071 3116 esset
1096 3052 1294 3117 Numantiae

234 3139 372 3220 Scipione
388 3147 482 3220 capta,
508 3140 645 3203 inventae
661 3148 732 3200 sunt
748 3149 867 3214 matres,
894 3159 970 3221 quae
990 3141 1154 3204 liberorum
1170 3157 1293 3202 suorum

232 3232 373 3288 tenerent
388 3244 503 3288 semesa
518 3226 551 3287 in
565 3225 633 3288 sinu
648 3225 782 3306 corpora’
1312 3235 1342 3282 ³0

752 3329 771 3364 lt

213 3431 218 3443 ’
302 3451 317 3500 6
330 3465 399 3500 suern
413 3445 423 3515 l
437 3449 469 3502 14
481 3449 567 3512 etiarm
581 3461 651 3498 omno
664 3446 846 3514 Scolegeraoos
858 3445 868 3514 fl
882 3449 912 3501 15
926 3447 1004 3499 lomes
1016 3447 1141 3498 Boeotius
1153 3445 1163 3514 ll
1176 3446 1207 3498 21
1221 3463 1295 3500 acce-

233 3519 276 3570 det
288 3516 297 3593 11
310 3518 343 3568 24
355 3517 400 3570 vis.
408 3533 506 3592 qnoque
518 3518 529 3584 ΙΙ
541 3517 574 3580 25
587 3518 685 3576 obsessi
697 3516 885 3572 Ilitterekurr'ue
898 3515 906 3588 ll
920 3518 952 3571 27
964 3516 1065 3570 Patavii
