2860 4340
601 51 744 106 summan

60 217 115 272 Lo
181 209 291 280 invitas
307 227 356 271 me
370 208 450 270 ferre
465 225 584 270 manus.
618 209 671 270 sed
687 208 808 272 vulnere
825 227 924 289 cogor,

180 297 289 377 pulsus
304 297 341 358 ab
356 294 431 358 urbe
446 313 519 365 mea,
534 295 606 356 dum
615 293 753 356 Rhenum
766 292 910 375 sanguine
923 293 1036 372 unguo,

181 382 257 444 dum
273 381 369 444 Gallos
384 380 494 442 iterum
510 379 650 460 Capitolia
665 389 768 443 nostra
783 388 918 460 petentes

180 467 308 548 Alpibus
324 466 457 538 excludo,
473 465 618 527 vincendo
634 467 743 528 certior
758 467 834 528 exul.

182 553 329 632 sanguine
346 553 494 614 Germano
509 551 721 633 sexagintaque
735 552 893 631 triumphis

184 657 253 700 esse
267 655 377 701 nocens
393 637 486 717 coepi.
521 655 692 717 quanquam
707 657 781 719 quos
797 638 887 716 gloria
902 643 1004 710 terret,

182 731 235 786 aut
251 723 387 804 quisunt
402 723 454 803 qui
465 721 540 784 bella
555 721 655 785 cient?
677 723 864 786 mercedibus
879 730 995 802 emptae

183 829 218 871 ac
232 810 304 871 viles
320 826 438 890 operae,
453 827 582 889 quorum
598 815 643 870 est
658 829 724 872 mea
736 810 830 870 Roma
846 826 979 870 noverca.

183 904 297 969 atram,
309 895 388 957 haud
400 895 533 975 impune,
550 895 606 956 nec
616 895 766 957 hancsine
778 895 895 958 vindice
905 895 1036 957 dextram

183 981 294 1043 vinciet
307 980 439 1058 ignavus.
473 980 600 1042 victores
616 981 656 1042 ite
670 985 814 1054 furentes,

182 1067 225 1128 ite
240 1067 298 1128 mei
313 1065 448 1140 comites,
464 1074 494 1127 et
509 1074 630 1128 causam
645 1066 733 1128 dicite
748 1066 838 1128 ferro.

183 1170 315 1232 namque
332 1169 436 1212 omnes
456 1169 550 1213 unum
566 1151 680 1213 crimen
700 1159 795 1223 vocat,
817 1150 957 1214 omnibus
977 1168 1037 1212 una

183 1237 338 1318 impendet
354 1236 462 1298 clades.
495 1237 647 1299 reddenda
663 1246 708 1298 est
722 1237 814 1316 gratia
829 1236 924 1311 vobis,

183 1342 249 1385 non
263 1323 346 1384 solus
361 1322 424 1384 vici.
460 1341 561 1402 quare,
577 1322 645 1402 quia
661 1341 758 1402 poena
774 1322 902 1403 tropacis

183 1408 324 1471 imminet
340 1415 369 1469 et
383 1408 487 1470 sordes
502 1408 612 1470 meruit
629 1409 747 1470 victoria
762 1417 880 1480 nostra,

182 1494 282 1557 iudice
295 1493 428 1555 Fortuna
443 1494 528 1555 cadat
543 1493 613 1556 alea.
645 1494 755 1556 sumite
769 1494 878 1557 bellum

184 1586 215 1641 et
230 1587 343 1641 tentate
358 1597 474 1641 manus.
508 1586 588 1641 certe
604 1599 667 1641 mea
684 1599 769 1642 causa
782 1588 900 1660 peracta
916 1586 975 1640 est:

183 1667 265 1727 inter
279 1671 325 1726 tot
339 1665 429 1726 fortes
445 1672 576 1726 armatus
591 1665 692 1726 nescio
707 1665 814 1737 vinci.”

227 1751 300 1812 haec
314 1749 365 1811 ubi
379 1750 544 1831 personuit,
561 1750 598 1811 de
613 1751 694 1812 caelo
705 1749 862 1830 Delphicus
878 1750 937 1811 ales

185 1835 287 1899 omina
299 1837 375 1898 laeta
389 1835 472 1898 dedit
486 1835 660 1916 pepulitque
675 1836 823 1898 meatibus
839 1853 936 1898 auras.

186 1939 320 1984 necnon
335 1921 478 1983 horrendi
493 1921 626 1984 nemoris
641 1921 679 1982 de
693 1927 778 2001 parte
794 1921 915 1983 sinistra

188 2006 326 2069 insolitae
341 2025 428 2068 voces
443 2007 561 2068 tlamma
577 2025 707 2070 sonuere
723 2007 871 2086 sequenti.
967 2047 969 2052 .

186 2094 251 2174 ipse
266 2092 347 2154 nitor
361 2093 472 2154 Phoebi
488 2093 605 2170 vulgato
620 2092 725 2154 laetior
740 2093 812 2154 orbe

188 2178 281 2240 crevit
296 2185 325 2240 et
340 2186 442 2240 aurato
458 2177 621 2257 praecinxit
636 2179 752 2258 fulgure
767 2177 874 2239 vultus·
967 2253 972 2262 ⁸

185 2263 292 2326 fortior
307 2263 457 2325 ominibus
473 2261 565 2324 movit
580 2261 720 2326 Mavortia
735 2263 820 2343 signa

186 2350 293 2412 Caesar
310 2356 339 2409 et
355 2347 455 2409 incolit
442 2355 488 2409 tos
505 2366 609 2427 gressu
625 2349 707 2428 prior
722 2356 847 2428 occupat
862 2365 962 2409 ausus.

185 2435 283 2516 prima
298 2432 419 2514 quidem
433 2433 538 2512 glacies
554 2440 583 2494 et
598 2451 669 2494 cana
684 2434 782 2494 vincta
796 2432 902 2527 pruina

187 2537 249 2582 non
265 2519 406 2600 pugnavit
421 2519 602 2580 humust
546 2517 602 2578 mit
603 2518 681 2597 ique
688 2519 813 2580 horrore
830 2515 951 2596 quievit.

187 2606 241 2668 sed
256 2614 414 2686 postquam
429 2611 547 2666 turmae
562 2604 679 2665 nimbos
693 2604 809 2681 fregere
824 2602 929 2697 ligatos

187 2700 217 2754 et
232 2690 354 2771 pavidus
371 2689 538 2786 quadrupes
554 2690 701 2751 undarum
717 2689 832 2750 vincula
848 2685 939 2764 rupit,

185 2777 338 2838 incaluere
354 2775 448 2836 nives.
483 2793 552 2836 mor
566 2775 690 2836 flumina
706 2773 858 2836 montibus
873 2772 939 2834 altis

186 2862 342 2924 undabant
356 2861 445 2923 modo
456 2867 534 2932 nata,
549 2861 602 2922 sed
613 2861 687 2922 haec
699 2859 957 2940 quoqne-iussa
970 2868 1140 2941 putares—
1160 2872 1208 2924 190

186 2946 317 3024 stabant,
335 2955 365 3008 et
379 2946 474 3008 vincta
490 2947 597 3007 tluctus
613 2953 754 3026 stupuere
770 2945 866 3019 ruina,

188 3040 220 3094 et
233 3034 321 3112 paulo
338 3039 407 3093 ante
421 3033 485 3092 lues
501 3031 559 3093 iam
576 3031 759 3093 concidenda
773 3031 895 3094 iacebat.

187 3126 254 3181 tum
270 3137 339 3180 vero
354 3118 431 3180 male
445 3117 502 3179 fida
518 3117 600 3196 prius
615 3116 737 3196 vestigia
752 3116 823 3177 lusit

188 3203 364 3284 decepitque
379 3204 486 3283 pedes;
507 3202 619 3282 pariter
632 3209 810 3281 turmaeque
825 3201 938 3282 virique

187 3308 329 3370 armaque
345 3295 484 3368 congesta
500 3297 582 3350 strue
599 3288 750 3367 deplorata
766 3287 911 3350 iacebant.

188 3395 256 3437 ecce
272 3376 361 3436 etiam
376 3373 472 3453 rigido
488 3393 651 3435 concussae
667 3374 786 3436 llamine
803 3375 897 3436 nubes

188 3461 435 3535 exonerabantur,
449 3477 505 3522 nec
515 3459 598 3539 rupti
612 3459 732 3521 turbiue
747 3461 828 3521 venti

213 3681 348 3734 160'v1neo
362 3677 371 3747 ll
388 3679 434 3732 165
442 3679 531 3730 vident
544 3677 553 3747 ll
568 3678 615 3732 167
624 3686 654 3730 ut
663 3695 723 3732 reor
735 3678 744 3747 ΙΙ
760 3680 807 3730 168
820 3677 932 3730 ferentes
945 3676 953 3745 ll
970 3679 1017 3731 l'lll
1030 3684 1101 3728 notat
1118 3676 1210 3728 Subru-

142 3749 221 3802 deruc
234 3747 243 3817 ΙΙ
258 3749 308 3799 184
323 3748 429 3799 insolito
445 3759 449 3802 1
464 3751 572 3801 haustus
586 3748 605 3800 0
618 3745 627 3816 ΙΙ
641 3747 689 3801 188
702 3746 988 3854 gravidusSclcraderus
1000 3745 1009 3814 ll
1025 3747 1070 3798 191
1084 3747 1175 3812 pruina
1189 3745 1197 3814 ll

144 3821 192 3872 191
207 3826 282 3884 rupto
297 3816 456 3869 Monacensis
