2860 4340
209 93 268 158 100
658 89 812 145 ruruoun
867 143 878 172 ⁸

193 247 389 332 'detersisque
403 249 520 312 curiose
537 247 674 310 manibus
689 247 842 310 inclinavit
863 265 895 308 se
910 248 942 308 iu
956 248 1095 310 lectulum
1110 268 1143 311 ac
1154 267 1202 310 me
1218 268 1268 311 se·
1282 261 1327 316 Lo

205 337 264 397 mel
279 335 449 417 iterumque
464 334 588 396 basiavit
1405 335 1415 526 q

725 417 745 452 *lh

288 487 292 574 l
313 490 464 553 Oenothea
486 506 620 552 mensam
640 497 770 550 veterem
786 489 886 568 posuit
906 489 937 550 iu
953 489 1050 550 medio
1067 489 1158 561 altari,
1180 507 1271 569 mam
1291 505 1313 556 n
1414 539 1415 546 ,

207 577 277 638 vivis
289 577 422 656 implevit
442 575 628 646 carbonibus,
649 583 679 636 et
699 574 852 652 camellam
875 574 964 636 etiam
985 582 1129 636 vetustate
1149 583 1268 654 ruptam

206 663 271 744 pice
291 668 454 742 temperata
474 661 588 724 refecit.
618 667 683 722 tum
706 662 829 732 clavum,
853 661 902 740 qui
923 661 1130 723 detrahentem
1151 669 1273 723 secutus
1292 678 1306 728 5

207 767 276 810 cum
285 748 406 810 camella
414 748 510 826 lignea
519 745 628 820 fuerat,
643 748 761 808 fumoso
774 746 879 825 parieti
892 745 1029 808 reddidit.
1051 743 1055 826 l
1076 765 1145 808 mox
1156 746 1273 808 incinc-
1284 759 1329 813 to

206 841 235 896 ta
257 835 398 915 quadrato
421 833 509 914 pallio
531 821 684 894 c'ucumam
700 832 852 910 ingentem
873 833 938 894 loco
956 833 1101 912 apposuit,
1123 833 1270 913 simulque

204 939 339 1001 pannum
355 921 391 981 de
407 920 540 981 carnario
558 917 661 979 detulit
676 918 766 988 furca,
782 917 814 978 in
830 936 888 997 quo
904 915 969 979 faba
985 925 1048 979 crat
1064 919 1100 979 ad
1115 937 1206 979 usum
1220 937 1266 980 re·
1415 929 1416 984 l

205 1007 301 1086 posita
321 1003 325 1084 1
345 1013 375 1066 et
390 1005 534 1083 sincipitis
549 1003 748 1065 vetustissima
763 1003 905 1083 particula
922 1003 1000 1064 mille
1015 1004 1107 1083 plagis
1123 1005 1229 1066 dolata.
1248 1002 1305 1084 ish
1415 1013 1416 1020 ’

205 1100 238 1154 ut
254 1091 341 1154 solvit
357 1109 426 1170 ergo
447 1091 514 1152 licio
534 1107 676 1170 pannum,
704 1097 819 1168 partem
841 1089 998 1168 leguminis
1020 1108 1112 1170 super
1131 1107 1269 1150 mensam
1283 1105 1312 1155 10
1323 1105 1366 1158 to
1416 1114 1417 1180 l

107 1195 108 1200 ¹
207 1177 311 1240 effudit
326 1176 471 1257 iussitque
487 1196 535 1237 me
548 1175 704 1255 diligenter
717 1193 853 1255 purgare.
885 1175 979 1236 servio
997 1194 1049 1254 ego
1062 1176 1188 1255 imperio
1201 1195 1270 1256 gra·
1416 1187 1417 1256 l

206 1282 303 1345 naque
320 1262 530 1324 sordidissimis
546 1259 746 1341 putaminibus
762 1261 876 1328 vestita*
888 1261 1003 1322 curiosa
1026 1280 1120 1322 manu
1140 1280 1272 1341 segrego.
1416 1275 1417 1278 ’

206 1359 236 1410 at
251 1350 299 1411 illa
315 1348 452 1409 inertiam
462 1365 567 1409 meam
582 1365 724 1408 accusans
740 1347 875 1425 improba
891 1345 973 1416 tollit,
997 1346 1196 1427 dentibusque
1212 1348 1271 1408 iol-

204 1435 308 1497 liculos
323 1434 434 1514 pariter
448 1433 557 1514 spoliat
571 1440 659 1513 atque
675 1433 826 1495 interram
839 1433 930 1493 veluti
942 1450 1112 1495 muscarum
1125 1434 1274 1512 imagines

207 1521 325 1602 despuit
723 1602 742 1638 ὕ
1295 1520 1324 1570 15
1403 1545 1407 1558 ·

292 1659 420 1721 mirabar
436 1659 576 1739 equidem
591 1659 771 1740 paupertatis
793 1658 947 1739 ingenium
962 1658 1206 1739 singularumque
1220 1675 1272 1720 re-

207 1766 274 1810 rum
291 1746 433 1826 quasdam
448 1753 540 1806 artes:
1417 1741 1418 1830 l

305 1851 368 1893 non
383 1823 489 1892 lindum
505 1831 635 1911 fulgebat
650 1832 732 1904 ebur,
749 1832 828 1911 quod
843 1831 1012 1892 inhaeserat
1025 1849 1107 1904 auro,

308 1937 365 1978 nec
379 1918 437 1978 iam
453 1918 562 1978 calcato
578 1917 712 1978 radiabat
726 1935 875 1978 marmore
890 1925 969 1978 terra

308 2001 482 2064 muneribus
498 2004 598 2064 delusa
614 2003 685 2074 suis,
701 2003 752 2064 sed
767 2011 847 2064 crate
859 2003 968 2082 saligna

307 2089 481 2169 impositum
497 2088 609 2150 Cereris
625 2107 733 2149 vacuae
748 2107 856 2151 nemus
871 2096 901 2149 et
916 2105 991 2149 nova
1007 2095 1105 2149 terrae

308 2175 421 2254 pocula,
438 2192 513 2253 quae
526 2173 601 2235 iacili
617 2173 681 2235 vilis
697 2182 762 2234 rota
778 2174 902 2236 finxerat
918 2183 995 2235 actu.

194 2330 198 2344 ι
307 2259 378 2321 hino
392 2260 473 2321 molli
488 2261 584 2321 stillae
600 2261 679 2321 lacus
696 2261 777 2321 etde
793 2260 911 2322 caudice
926 2261 1006 2320 leuto

307 2346 454 2407 vimineae
469 2347 567 2408 lances
584 2347 788 2426 maculataque
803 2353 879 2408 testa
894 2346 997 2426 Lyaeo.

307 2437 337 2493 at
351 2432 448 2512 paries
463 2433 538 2494 circa
554 2433 636 2514 palea
649 2433 772 2493 satiatus
787 2432 870 2493 inani

307 2518 491 2597 fortuitoque
505 2519 567 2581 luto
582 2519 679 2580 clavos
695 2517 870 2580 numerabat
885 2525 1027 2598 agrestes,

308 2611 337 2664 et
352 2603 436 2664 viridi
452 2605 541 2666 iunco
556 2604 670 2686 gracilis
685 2603 832 2684 pendebat
846 2605 992 2666 harundo·

307 2697 462 2768 praeterea
478 2707 553 2769 quae
569 2691 686 2751 fumoso
702 2707 846 2768 suspensa
861 2689 955 2768 tigillo

308 2776 500 2843 conservabat
516 2794 586 2855 opes
601 2775 721 2836 humilis
737 2793 812 2848 casa,
835 2776 917 2836 mitia
934 2773 1020 2836 sorba

307 2860 387 2921 inter
401 2861 538 2921 odoratas
554 2860 724 2940 pendebant
739 2867 820 2940 texta
836 2878 961 2923 coronas

203 3019 206 3034 y
309 2953 338 3006 et
352 2944 507 3024 thymbrae
521 2954 638 3008 veteres
654 2953 683 3008 et
697 2946 793 3025 passis
808 2965 863 3009 uva
878 2945 1019 3008 racemis:

308 3029 402 3110 qualis
418 3030 449 3091 in
463 3032 571 3094 Actaea
587 3033 737 3111 quondam
752 3032 810 3093 fuit
822 3033 940 3112 hospita
955 3041 1043 3104 terra,

308 3116 397 3194 digua
413 3118 503 3178 sacris
515 3119 645 3189 Hecales,
663 3136 751 3198 quam
767 3118 847 3181 Musa
862 3118 1053 3200 loquentibus
1069 3113 1154 3176 anuis

308 3202 463 3266 Bacciueas
478 3212 591 3266 veteres
608 3203 772 3267 mirandam
788 3205 907 3268 tradidit
923 3222 992 3266 aevo

725 3315 744 3350 il·

141 3368 200 3430 136
242 3375 247 3386 ’
294 3375 365 3434 dum
382 3373 539 3436 illacarnis
557 3374 646 3436 etiam
663 3377 814 3455 paululum
832 3376 942 3439 delibat
1291 3379 1324 3429 35

209 3466 238 3519 et
253 3459 323 3520 dum
340 3460 654 3540 coaequaleuatalium
668 3481 791 3525 suorum
807 3461 938 3542 sinciput
954 3460 986 3520 in
1006 3456 1173 3521 carnarium
1189 3456 1273 3517 lurca

279 3603 290 3652 1
307 3614 327 3650 s.
344 3600 391 3650 hoc
403 3597 552 3667 frustulum
573 3601 752 3667 interpositum
771 3603 828 3667 post
846 3597 964 3665 adposuit
986 3601 1044 3648 ante
1070 3596 1219 3662 simulquel
1244 3599 1272 3646 in

213 3663 253 3732 Ol!
267 3669 283 3718 4
296 3668 372 3718 etium
386 3667 481 3718 delebat
497 3665 604 3718 lebadea
616 3669 626 3733 ΙΙ
641 3669 670 3722 13
689 3673 805 3736 enpectes
820 3668 875 3734 ipsa
892 3665 962 3718 iabus
979 3666 1049 3716 tollit
1061 3663 1070 3734 i
1087 3665 1116 3716 16
1135 3665 1271 3729 singulari-

209 3751 298 3802 umque
310 3734 391 3786 Italus
402 3737 496 3802 uliquis
509 3733 518 3802 ΙΙ
531 3737 563 3786 22
577 3738 651 3788 bustu
663 3737 700 3787 uel
711 3744 767 3788 astu
786 3735 789 3804 l
804 3735 835 3786 23
848 3740 872 3786 et
885 3736 916 3786 24
930 3739 993 3803 peto
1003 3739 1060 3802 post
1072 3735 1104 3786 26
1116 3731 1271 3785 collocandos

221 3805 225 3870 l
241 3801 346 3856 stillaL
362 3805 365 3864 Ι
386 3806 454 3856 latus
467 3803 476 3872 ll
495 3805 526 3855 25
544 3812 571 3855 et
585 3804 645 3857 libri
657 3803 769 3873 plerique
786 3805 789 3872 l
809 3803 841 3854 26
858 3805 945 3856 clavus
958 3803 967 3871 11
986 3805 1018 3854 28
1036 3819 1097 3869 quus
1113 3801 1200 3853 boesa
1213 3799 1222 3870 ΙΙ
1236 3803 1270 3853 30

202 3878 260 3942 port
272 3875 302 3926 31
318 3869 437 3926 collocari
446 3873 513 3924 naulo
526 3871 535 3940 ll
549 3873 580 3924 33
594 3871 701 3926 llecates
714 3872 724 3941 i
737 3873 770 3923 34
801 3873 914 3925 attiudae
927 3873 995 3926 vetis
1006 3870 1099 3922 Daniel
1111 3871 1116 3938 Ι
1132 3871 1245 3923 mirando
