2860 4340
534 135 746 196 FltAthliN'lA
1112 145 1172 209 109

101 316 221 378 regum.
252 297 334 358 unde
350 304 380 357 et
394 296 553 360 Petronius
568 296 687 360 Arbiter
702 299 741 359 ait
753 303 809 360 ‘tot
823 315 928 378 regum
944 300 1101 362 manubiae
1116 320 1170 382 po-

100 403 159 446 nes
174 383 334 463 fugitivum
351 383 495 463 repertae’

171 485 306 536 manubias
318 486 452 551 utrobique
463 483 522 537 libri
530 483 642 554 plurimi
737 555 741 566 ι

597 644 689 705 lllll*

188 747 359 828 Fulpeotius
373 749 478 810 ibidem
488 768 518 829 p.
534 747 577 810 56
580 749 611 809 7:
634 748 797 811 aumatium
818 747 925 810 dicitur
945 749 1026 811 locus
1041 759 1172 813 secretus

108 833 250 915 publicus,
267 834 344 904 siout
358 833 390 894 in
405 833 526 895 theatris
547 835 648 896 autin
670 835 757 896 oiroo.
789 834 868 896 unde
888 842 918 896 et
937 835 1096 898 Petronius
1117 837 1173 898 Ar·

105 922 179 983 luter
196 920 238 981 ait
255 919 296 980 ‘in
313 920 476 984 aumatium
492 929 604 984 memet
619 921 717 1001 ipsum
733 919 853 984 conieoi'

171 1022 342 1074 automotium
357 1001 491 1073 Pumilus

599 1180 677 1244 Xllll
720 1187 727 1198 “

188 1275 324 1346 Isidorus
338 1287 483 1364 oripinom
502 1283 591 1355 vii,
610 1285 641 1346 7:
658 1285 743 1348 dolus
760 1294 804 1348 est
815 1286 925 1348 montis
938 1286 1077 1348 calliditas
1089 1288 1124 1349 ab
1136 1307 1171 1349 eo

103 1371 181 1452 quod
198 1370 337 1431 deludat:
361 1368 439 1431 aliud
454 1370 532 1430 enim
556 1369 623 1450 agit,
646 1372 723 1432 aliud
745 1372 874 1434 simulat.
910 1372 1067 1434 Petronius
1088 1373 1173 1435 alitor

104 1456 257 1520 existimat
271 1455 374 1518 disens
390 1456 472 1535 ‘quid
487 1464 540 1528 est,
557 1456 676 1532 iudices,
691 1455 804 1520 dolus‘l
825 1457 968 1520 nimirum
990 1459 1040 1521 ubi
1061 1459 1171 1539 aliquid

104 1544 215 1606 lactum
233 1549 279 1603 est
290 1542 369 1621 quod
378 1541 436 1621 legi
445 1542 535 1604 dolet.
565 1540 679 1604 habetis
688 1543 806 1606 dolum:
823 1544 945 1624 accipite
960 1562 1041 1606 nuno
1050 1544 1171 1606 malum'

612 1718 661 1780 XV

185 1821 363 1903 plossoriom
378 1820 408 1883 S.
418 1819 550 1899 Dionysii
556 1839 565 1880 :
580 1829 724 1901 petaurus
731 1840 827 1903 genus
837 1822 907 1884 ludi.
936 1822 1094 1890 Petronius
1108 1829 1171 1904 ‘pe-

106 1918 252 1989 tauroque
267 1907 391 1969 iubeute
406 1907 495 1968 modo
510 1906 664 1986 superior'.
695 1927 799 1969 nanim

174 2012 321 2076 legebantur
332 2009 447 2074 fortasse
458 2012 486 2059 in
499 2006 589 2060 lacuna
598 2025 625 2076 p.
640 2009 681 2074 33,
694 2009 727 2060 28

605 2169 669 2231 xu
737 2137 741 2148 ’

187 2271 350 2335 Petronius
372 2271 451 2334 ‘satis
473 2279 622 2336 constaret
649 2293 700 2336 eos
730 2273 787 2334 nisi
808 2273 964 2335 inclinatos
991 2291 1051 2335 non
1072 2275 1168 2335 solere

105 2360 231 2422 transire
247 2366 380 2438 cryptam
395 2358 625 2438 Neapolitanam’
642 2379 679 2422 eoo
691 2359 829 2439 ploosotio
844 2359 874 2421 S.
891 2359 1027 2438 Dionysii.
1062 2377 1168 2420 ninias

589 2534 686 2596 XVII*

186 2642 219 2700 in
234 2639 292 2699 olio
305 2638 461 2718 plossorio:

203 2724 322 2802 Suppes
337 2723 521 2803 suppumpis‚
537 2724 593 2784 hoo
609 2731 653 2784 est
668 2721 781 2803 supinis
796 2721 931 2804 pedihus.
947 2723 1066 2784 Petron.

202 2809 307 2882 Tullia,
323 2809 419 2870 media
434 2811 480 2870 vel
495 2810 582 2887 regia.
614 2808 780 2870 Petronius.
810 2827 950 2870 rrrnosvs

170 2926 259 2962 vereor
270 2927 301 2960 ne
312 2913 373 2961 liaeo
383 2913 487 2977 sumpta
498 2914 551 2960 rint
561 2927 597 2962 σω
611 2911 737 2962 ‘Petronio
749 2911 856 2963 Arbitro
873 2911 903 2962 de
919 2913 1051 2963 verborum
1068 2911 1170 2978 st'gnifi·

102 2978 220 3102 oprtettrvponypi’23
230 2979 354 3116 :3535oe
363 2979 492 3046 glossario
501 2979 585 3045 aliquo
596 2984 654 3047 post
665 2979 761 3032 Isidori
771 2985 882 3030 aetnam
893 2983 1007 3048 conforto
1018 2985 1042 3032 et
1049 2983 1076 3030 in
1085 2981 1169 3031 codice

578 3199 690 3261 XVlll*

188 3301 327 3364 Nicolous
343 3301 470 3364 Perottus
487 3301 583 3364 Cornu
599 3305 695 3382 copiae
709 3324 737 3383 p.
754 3302 827 3376 200,
847 3302 890 3366 26
904 3302 1030 3365 editionis
1047 3303 1167 3364 Aldinae

104 3394 176 3451 anni
196 3387 296 3450 1513:
319 3387 444 3450 Cosmus
465 3387 723 3451 etiamenoellens
746 3388 960 3468 unguentarius
982 3388 1048 3462 fuit,
1071 3407 1167 3468 aquo

104 3483 255 3554 unguenta
272 3473 347 3536 diota
363 3482 433 3534 sunt
449 3474 613 3537 Cosmiano.
643 3473 722 3534 idom
739 3473 892 3552 [luvenalis
907 3473 935 3545 8,
953 3472 1002 3551 86]
1020 3480 1059 3535 ‘et
1069 3474 1168 3536 Cosmi

103 3569 164 3622 toto
182 3569 333 3638 mergatur
348 3559 462 3622 aheno'
492 3560 650 3622 Petronius
665 3559 849 3635 ‘allernobis
866 3561 972 3640 inquit,
989 3559 1167 3622 alabastrum

105 3645 262 3716 Cosmiani

531 3827 741 3838 -n--u-es-a--u—ae-
