2860 4340
528 161 738 216 FRAGMENTA

182 1388 305 1450 Seruius
320 1389 358 1450 col
377 1387 482 1469 Verptlt'
497 1388 563 1449 Aeo.
579 1387 627 1449 lll
634 1389 755 1451 57:auri
768 1409 852 1451 sacra
864 1390 969 1466 fames]
985 1409 1066 1455 sacra
1078 1393 1107 1454 id
1119 1400 1166 1455 est

100 1475 283 1538 execrabilis.
317 1481 429 1536 tractus
451 1482 496 1535 est
517 1483 616 1536 autem
632 1493 730 1536 sermo
753 1494 788 1536 ex
810 1495 893 1537 urore
914 1475 1073 1539 Gallorum.
1096 1498 1165 1541 narn

101 1561 300 1624 Massilienses
316 1560 453 1641 quotiens
469 1560 638 1640 pestilentia
653 1561 836 1632 laborabant,
861 1578 937 1624 uuus
953 1580 1038 1624 seer
1053 1581 1165 1645 paupe-

100 1649 180 1710 ribus
197 1645 344 1716 offerebat
358 1646 481 1708 alendus
497 1665 576 1708 anno
592 1646 707 1725 integro
722 1645 849 1726 puhlicis
864 1647 1023 1728 sumptibus
1038 1656 1069 1714 et
1082 1652 1165 1730 puri-

100 1733 201 1794 oribus
219 1731 302 1793 cibis.
336 1731 384 1792 lric
398 1741 500 1812 postea
522 1741 643 1794 ornatus
660 1732 794 1794 verbenis
810 1741 839 1794 et
854 1733 985 1794 vestibus
1002 1735 1092 1798 sacris
1107 1736 1166 1798 cir-

100 1817 337 1881 cumducebatur
352 1835 404 1896 per
419 1826 511 1879 totam
528 1817 674 1878 civitatem
691 1837 758 1879 cum
771 1818 1015 1889 execrationibus,
1031 1828 1064 1882 ut
1076 1821 1109 1884 in
1120 1821 1166 1901 ip-

103 1925 167 1966 sum
183 1903 355 1965 reciderent
370 1903 445 1964 mala
460 1903 553 1963 totius
569 1902 703 1976 civitatis,
719 1911 748 1964 et
763 1904 806 1965 sic
819 1904 1075 1985 praecipitabatur.
1109 1907 1167 1968 hoc

105 1998 201 2052 autern
217 1991 252 2052 in
268 1988 409 2050 Petronio
425 1990 535 2050 lectum
552 1996 597 2049 est

619 2164 646 2225 ll

183 2267 304 2328 Seruius
324 2266 361 2327 au
384 2265 572 2346 VerpibAeu.
598 2265 659 2328 llll
676 2265 740 2328 159
761 2269 795 2329 de
816 2269 954 2347 feminino
974 2274 1122 2331 nominum
1136 2274 1168 2332 tu

99 2373 152 2416 roa
167 2356 339 2416 eoeuuttum
352 2371 452 2432 petere
465 2356 656 2432 praeraptam:
671 2353 830 2415 siautcrna
844 2354 933 2415 verbo
950 2374 1012 2416 non
1021 2353 1166 2430 venerint,

98 2439 274 2502 communia
294 2448 373 2499 sunt.
412 2456 482 2498 nam
502 2437 640 2500 similiter
660 2439 822 2500 masculina
843 2446 873 2500 et
893 2441 1037 2502 feminina
1058 2441 1090 2501 in
1111 2460 1167 2502 roa

98 2533 219 2597 exeunt,
236 2532 271 2585 ut
285 2523 333 2584 hic
348 2531 378 2585 et
393 2524 467 2584 haec
482 2530 611 2595 senator,
634 2524 682 2585 hic
697 2533 726 2584 et
741 2523 813 2586 haec
833 2525 995 2598 balneator,
1019 2525 1087 2589 licet
1108 2527 1166 2588 Pe-

98 2610 218 2674 tronius
235 2610 423 2689 usurpaverit
438 2609 668 2673 ‘balneatricem’
685 2610 786 2670 dicens
931 2621 935 2628 ·

610 2783 650 2846 lll
979 2781 991 2814 l

184 2888 345 2950 ltcudocro
365 2888 403 2949 cd
421 2887 527 2950 Horati
542 2886 621 2968 epod.
646 2885 735 2949 V48:
752 2888 872 2950 Canidia
888 2889 997 2950 rodens
1020 2888 1167 2968 pollicem]

98 2974 235 3040 habiturn
263 2979 292 3034 et
318 2981 435 3035 nactum
462 2973 599 3036 Canidiae
621 2973 763 3052 expressit
784 2975 921 3036 furentis.
955 2974 1114 3038 Petronius
1133 2982 1167 3036 ut

99 3066 283 3124 monstraret
296 3061 455 3132 furentem,
473 3055 592 3140 ‘pollice'
609 3059 649 3120 ait
664 3067 770 3139 ‘usque
785 3061 821 3122 ad
837 3061 1001 3140 periculum
1016 3059 1094 3122 roso'

601 3233 655 3296 llll

184 3337 321 3399 Sidonius
335 3337 510 3418 Apollinaris
525 3341 660 3400 carminis
676 3336 794 3400 lllllll:

281 3438 328 3490 145
363 3423 433 3503 quid
448 3443 499 3485 vos
515 3425 624 3504 eloqrui
640 3442 743 3488 canam
757 3423 864 3498 Latini,

366 3509 501 3589 Arpinas,
517 3508 667 3582 Patauino,
682 3508 865 3574 Mantuano?
881 3549 921 3558 -

282 3611 330 3662 155
364 3602 392 3658 et
407 3603 439 3656 te
452 3595 679 3659 Massiliensium
693 3614 747 3676 per
762 3597 864 3658 hortos
895 3657 898 3662 .

364 3681 440 3743 sacri
454 3681 573 3761 stipitis,
589 3682 716 3755 Arbiter,
732 3683 871 3744 colonum

365 3765 604 3846 Hellespontiaco
618 3785 723 3847 parem
738 3764 869 3846 Priapo?
887 3781 900 3790 “

167 3867 353 3936 terpretatur
364 3883 493 3936 respuam
505 3869 644 3922 Petronius
656 3867 788 3921 Massiliae
805 3869 907 3941 factam
923 3886 977 3920 ease
992 3868 1113 3936 finxerat,
1127 3871 1162 3950 cs.

98 3935 159 4004 fer
