2864 4344
587 138 729 192 unuln
1084 95 1089 106 ’
1148 141 1189 206 ιι

82 297 107 348 H
122 294 254 358 delardo
270 293 454 373 palumbum,
477 293 514 354 de
535 311 627 374 perna
649 301 810 369 turturem,
830 294 866 354 dc
888 294 1019 376 colaepio
1041 294 1188 374 gallinam.

121 389 152 442 et
166 380 234 442 ideo
248 379 370 458 ingenio
386 398 453 442 meo
468 379 643 459 impositum
658 387 705 442 cst
714 379 756 442 illi
767 397 880 443 nomen
891 379 1104 454 bellissimum3
1119 399 1190 442 nam

120 466 267 530 Daedalus
283 473 412 528 vocatur.
447 473 476 527 ct
491 465 567 545 quia
574 464 683 527 bonam
700 473 834 527 mentem
850 465 948 539 habet,
971 466 1055 529 attuli
1071 465 1113 526 illi
1128 466 1189 527 llo·
1264 459 1269 466 ’

41 599 47 611 .
122 571 171 614 ma
186 569 296 614 munus
316 551 427 613 cultros
442 550 550 626 Norico
565 549 662 612 lerro!
692 569 772 632 quos
793 552 891 613 statim
912 551 999 614 iussit
1018 552 1149 613 allerri
1140 571 1190 612 m·

87 649 102 698 5
121 645 298 718 spectasque
314 636 441 698 miratus
455 645 509 698 est.
543 636 634 698 etiam
655 636 742 698 nobis
764 644 942 717 potestatem
964 638 1045 712 fecit,
1066 644 1100 699 ut
1120 656 1190 699 mu-

122 742 246 786 cronem
260 724 297 784 ad
312 723 436 784 buccam
450 722 653 802 probaremus.

209 808 309 870 subito
324 809 513 870 intraverunt
529 809 587 870 duo
603 807 690 881 servi,
706 817 848 889 tanquam
866 808 916 888 qui
931 807 1024 870 rixam
1040 747 1076 870 ad
1092 809 1189 870 lacum

121 895 276 969 fecissent3
299 901 380 956 certe
394 893 426 955 in
442 893 516 955 collo
539 892 636 956 adhuc
657 895 815 978 amphoras
834 894 995 956 habebant.
1029 913 1098 954 cum
1119 913 1189 972 ergo

121 980 300 1042 Trimalchio
315 980 362 1042 ius
385 979 464 1042 inter
484 979 633 1060 litigantes
649 979 769 1052 diecret,
791 987 899 1042 neuter
919 979 1100 1042 senteutiam
1121 978 1191 1041 tulit

73 1075 103 1125 ιο
122 1065 328 1136 decernentis,
349 1065 402 1126 sed
424 1064 546 1126 alterius
567 1066 743 1163 amphoram
762 1065 842 1128 fuste
864 1066 1017 1146 percussit.
1051 1073 1190 1126 conster-

122 1152 185 1215 nati
200 1170 256 1214 nos
271 1150 429 1212 insolentia
445 1149 595 1212 chriarum
611 1151 823 1214 intentavimus
840 1151 970 1213 oculos
962 1171 994 1212 m
1010 1150 1190 1231 proeliantes

120 1236 352 1317 notavimusque
366 1245 465 1298 ostrea
480 1237 674 1316 pectinesque
689 1257 706 1298 e
720 1237 830 1317 gastris
841 1237 980 1312 labentia
996 1256 1072 1334 quae
1084 1235 1189 1298 collec-

122 1331 152 1384 ta
167 1339 243 1402 puer
258 1322 341 1385 lance
355 1321 545 1401 circumtulit
578 1323 631 1384 has
646 1322 774 1386 lautitias
796 1323 930 1402 aequavit
952 1323 1122 1401 ingeniosus
1138 1341 1190 1383 co-

122 1427 191 1484 cus;
206 1408 238 1469 ιιι
253 1407 393 1470 craticula
408 1387 643 1490 enimargcutea
659 1409 793 1472 cochleas
809 1415 852 1472 att
839 1409 908 1471 trdit
920 1416 950 1470 et
961 1408 1087 1470 hemula
1096 1414 1190 1470 teter

75 1496 105 1548 15
122 1494 262 1573 rimaque
276 1512 348 1554 voce
363 1493 500 1556 cantavit.

206 1579 300 1659 pudet
287 1578 436 1651 t‚relerre
454 1585 693 1677 quaesecuntur:
710 1579 932 1642 inauditoeuim
943 1597 1027 1640 more
1039 1579 1125 1657 pueri
1140 1597 1190 1638 ca-

122 1666 217 1746 pillati
230 1665 395 1726 attulerunt
409 1674 599 1742 unguentum
611 1665 643 1726 iu
658 1673 798 1744 argentea
813 1666 896 1745 pelve
907 1665 1058 1744 pedesque
1069 1683 1189 1725 recum-

26 1791 27 1826 ι
122 1750 260 1813 bantium
275 1757 435 1821 unxerunt,
451 1768 519 1812 cum
534 1757 601 1812 anto
618 1767 703 1812 crura
717 1751 855 1830 talosque
875 1750 994 1812 corollis
1017 1749 1189 1811 vinxissent.

26 1833 27 1886 l
120 1837 191 1899 hinc
206 1855 242 1896 ex
256 1836 362 1898 eodem
377 1843 531 1915 unguento
553 1835 585 1897 in
599 1836 745 1897 vinarium
768 1843 858 1916 atque
878 1836 1031 1898 lucarnam
1052 1835 1189 1915 ahquan-

73 1929 104 1979 20
123 1931 189 1986 tum
204 1930 250 1984 cst
264 1921 407 1984 inlusum.

26 2001 27 2076 l
207 2006 266 2070 iam
282 2014 422 2086 coeperat
436 2007 600 2070 Fortunata
617 2007 692 2068 velle
702 2007 818 2080 saltare,
834 2007 894 2070 iam
906 2007 1035 2069 Scintilla
1047 2009 1189 2084 frequen-

26 2129 27 2164 ι
122 2094 183 2155 tius
199 2092 357 2173 plaudebat
373 2111 463 2173 qnam
478 2091 665 2172 loquebatur,
680 2111 748 2154 cum
764 2092 942 2156 Trimalchio
965 2091 1124 2172 ‘permitto‘
1140 2091 1189 2151 in-

26 2169 28 2276 l
122 2179 187 2259 quit
202 2178 382 2258 Philargyre
397 2185 428 2240 et
443 2177 537 2250 Cario,
555 2178 610 2240 etsi
621 2178 809 2256 prasinianus
822 2199 853 2240 cs
865 2179 1007 2249 famosus
1024 2178 1112 2239 dicet
1127 2175 1189 2235 hle-

121 2264 270 2344 nophilae‚
288 2262 495 2326 contubernali
509 2271 588 2335 tuae,
605 2263 791 2326 discumbat.
826 2264 896 2344 quid
912 2259 1028 2325 multa?
1043 2279 1139 2342 paene
1155 2263 1191 2322 de

73 2356 104 2407 25
122 2350 208 2412 lectis
223 2349 329 2412 dciem
307 2357 332 2410 ιι
345 2367 461 2422 sumna,
476 2349 578 2412 adeot
565 2357 662 2412 totum
678 2349 840 2411 triclinium
855 2349 966 2412 familia
983 2355 1190 2428 occupaverat.

123 2443 204 2498 certe
220 2454 274 2515 ego
290 2435 389 2496 notavi
405 2453 496 2514 super
510 2453 557 2496 me
572 2434 703 2514 positum
713 2453 828 2508 cocum,
844 2436 943 2515 quide
954 2452 1044 2514 porco
1055 2451 1191 2495 anserem

121 2522 242 2594 lecerat,
258 2521 353 2582 muria
369 2520 626 2599 condimentisque
641 2520 795 2581 fetentem.
829 2539 886 2581 nec
897 2528 1056 2582 contentus
1071 2519 1128 2581 fuit
1139 2537 1190 2579 rc-

122 2605 272 2677 cumbere,
288 2605 648 2684 sedcontrnuohphesum
656 2607 829 2684 tragoedum
843 2605 926 2685 coepi
928 2604 1061 2666 timitari
1077 2603 1190 2664 etsub-

122 2693 194 2754 indc
210 2692 366 2754 dominum
387 2710 475 2754 suum
498 2691 659 2770 sponsione
680 2709 838 2771 provocare
853 2690 1035 2771 siprasinus
1048 2688 1190 2809 proximis

73 2786 104 2838 eu
123 2779 307 2841 circensibus
322 2777 449 2858 primam
465 2774 611 2856 palmam‘.

209 2864 334 2926 diffusus
349 2865 406 2925 hac
417 2863 609 2925 contentione
625 2861 826 2924 Trimalchio‘
829 2861 922 2926 amici’
943 2862 1055 2942 inquit
1057 2865 1096 2922 ‘et
1112 2877 1187 2923 seru
1180 2857 1239 2920 71

123 2949 263 3012 homines
278 2958 348 3012 suut
363 2955 392 3010 et
406 2967 500 3030 aeque
516 2966 612 3010 unum
624 2948 729 3010 lactem
742 2946 893 3021 biberunt,
910 2948 998 3010 etiam
1013 2967 1039 3009 ιι
1031 2946 1116 3009 illos
1128 2966 1191 3010 ma-

123 3036 170 3097 lus
185 3036 264 3098 fatus
279 3034 436 3115 oppressit.
470 3042 571 3095 tamen
587 3053 636 3095 me
650 3033 730 3094 salvo
753 3033 811 3095 cito
827 3051 933 3112 aquam
950 3033 1073 3095 liberam
1087 3041 1191 3112 gusta-

123 3121 209 3182 bunt.
244 3121 282 3182 ad
297 3137 456 3192 summam,
473 3137 579 3180 omnes
594 3117 660 3182 illos
676 3118 708 3180 in
724 3127 902 3181 testamento
918 3137 985 3180 meo
1001 3118 1189 3180 manumitto.

74 3210 105 3262 tt
123 3206 293 3286 Philargyro
308 3206 398 3268 etiam
412 3206 541 3267 fundum
555 3204 621 3283 lego
636 3213 665 3266 et
686 3203 927 3268 contubernalem
942 3223 1038 3277 suam,
1073 3203 1190 3266 Carioni

122 3309 242 3373 quoque
258 3291 385 3354 insolam
401 3299 430 3352 et
441 3290 612 3352 vicesimam
625 3298 655 3352 et
665 3290 775 3352 lectum
789 3297 927 3352 stratum.
960 3308 1029 3362 nam
1041 3289 1189 3351 Fortuna-

121 3387 185 3440 tam
199 3395 298 3438 meam
313 3377 455 3440 heredem
468 3375 556 3449 ιιιιο,
578 3383 608 3438 ιι
629 3376 809 3438 commendo
825 3375 904 3437 illam
928 3374 1066 3438 omnibus
1088 3375 1189 3436 amicis

122 3463 210 3525 meis.
244 3469 275 3524 et
289 3463 363 3524 haec
377 3462 445 3524 idco
461 3462 560 3524 omnia
566 3461 703 3542 publico,
726 3468 760 3523 ut
773 3461 882 3523 familia
898 3480 964 3524 mea
978 3461 1037 3522 iam
1052 3477 1134 3521 nunc
1148 3461 1190 3522 sic

123 3567 172 3610 me
185 3555 266 3610 amet
279 3558 424 3630 tanquam
438 3545 612 3610 mortuum!
647 3547 755 3626 gratias
771 3565 861 3626 agere
873 3565 977 3610 omnes
988 3545 1189 3645 indulgenpiae

73 3641 105 3692 to
124 3640 285 3714 coeperant
296 3633 422 3707 dommi
437 3653 506 3696 cum
517 3633 566 3694 rlle
577 3631 686 3696 ohhtus
698 3650 846 3711 nugarum
858 3632 1009 3713 exemplar
1018 3632 1191 3694 testamenti

122 3719 210 3784 iussit
226 3719 324 3782 afferri
340 3729 369 3782 et
383 3725 480 3782 totum
496 3738 512 3780 a
527 3719 623 3799 primo
639 3718 677 3780 ad
691 3718 830 3780 ultimum
846 3717 1065 3798 ingemescente
1080 3717 1190 3779 familia

157 3912 172 3964 3
185 3911 275 3964 attolit
288 3908 297 3978 ss
311 3913 326 3962 5
330 3912 419 3980 potius
428 3917 455 3962 et
462 3909 535 3962 nobis
549 3907 558 3978 Ι
571 3909 586 3962 8
599 3911 626 3963 in
638 3907 696 3962 loco
709 3907 719 3980 ll
734 3911 764 3964 19
777 3910 901 3978 liquatum
913 3917 955 3962 est
966 3906 975 3977 ss
989 3909 1021 3960 33
1032 3907 1191 3976 oppresserit
