2864 4344
221 139 263 202 aa
321 89 326 100 ⁸
676 133 831 190 remum

221 282 364 354 recitauit.
397 291 560 370 respiciens
576 291 684 353 deinde
699 292 867 354 Habinnam
884 291 964 371 ‘quid
979 288 1058 352 dioia’
1071 289 1170 370 lnquit
1185 289 1289 352 ‘amice
1307 293 1332 346 ll

221 374 393 440 'carissimei
426 376 562 438 aedificas
587 386 818 439 monumentum
836 393 954 449 menm,
973 377 1240 456 'quemadmodum
1256 383 1289 437 te

221 461 319 526 iussit
342 463 423 525 valde
435 470 465 524 te
480 481 561 541 rogo,
576 471 610 523 ut
625 463 790 524 secundum
806 463 898 542 pedes
914 468 1031 526 statuae
1052 479 1138 528 meae
1153 461 1288 524 catellam

221 567 315 630 ponas
336 557 367 610 et
381 565 505 610 coronas
521 557 550 609 et
573 556 722 628 unguenta
747 557 777 610 et
798 548 958 610 Petrabitis
980 561 1086 610 omnes
1103 565 1228 627 pugnas,
1254 556 1289 610 ut

222 635 296 696 mibi
312 634 463 714 contingat
477 643 528 696 tuo
543 632 689 696 beneficio
704 642 773 714 post
793 641 922 696 mortem
945 635 1060 708 virere3
1079 641 1233 714 praeterea
1253 641 1288 694 ut
1307 647 1323 696 5

222 720 282 781 sint
297 719 327 781 in
344 721 440 781 fronte
454 720 547 799 pedes
559 727 689 792 centum,
704 720 737 781 in
748 737 854 800 agrum
866 721 958 800 pedes
971 720 1101 782 ducenti.
1134 735 1225 780 omne
1236 736 1290 797 ge·

222 805 367 867 nusenim
379 823 466 885 poma
478 805 613 866 volusint
624 805 701 866 eirca
713 803 828 868 cineres
841 823 932 875 meos,
947 813 978 867 et
990 807 1145 868 vinearum
1157 805 1287 883 largiter.

165 902 168 915 ’
221 891 305 952 valde
321 891 400 952 enim
415 890 524 952 falsum
547 897 592 952 est
607 890 672 951 viro
688 891 806 969 quidem
822 891 927 952 domos
947 893 1041 954 cultas
1056 909 1132 963 ease,
1155 906 1218 950 non
1233 909 1288 952 cu-

221 977 349 1048 carious,
366 976 417 1037 ubi
432 975 544 1036 diutius
560 975 647 1036 uobis
663 976 855 1050 habitandum
871 985 926 1039 est.
961 985 992 1038 et
1005 978 1073 1038 ideo
1096 983 1166 1037 ante
1187 975 1288 1038 omnia

221 1062 297 1124 adici
309 1063 390 1122 volo:
407 1061 485 1121 “boc
496 1058 727 1124 monumentum
737 1063 880 1124 herodem
892 1079 954 1124 non
966 1060 1127 1144 sequitur''.
1155 1067 1288 1122 mierum
1311 1069 1343 1120 ιι

222 1147 283 1210 erit·
293 1146 364 1208 mihi
380 1164 477 1219 curae,
493 1154 526 1207 ut
540 1153 720 1209 testamento
735 1165 861 1221 caveam,
877 1165 916 1209 ne
931 1157 1069 1210 mortuus
1084 1146 1222 1208 iniuriam
1237 1162 1288 1208 ac·

117 1277 122 1282 .
221 1233 337 1313 cipiam.
370 1249 551 1312 praeponam
567 1233 648 1295 enim
663 1251 758 1294 unum
774 1251 809 1296 ιιι
823 1233 936 1296 libertis
950 1235 1088 1314 sepulcro
1102 1249 1170 1294 meo
1186 1238 1288 1293 custo-

222 1320 285 1381 diae
301 1336 399 1387 causa,
414 1336 453 1378 ne
468 1317 500 1378 in
516 1326 746 1382 monumentum
761 1336 861 1380 meum
881 1321 1009 1399 populus
1026 1326 1159 1382 cacatum
1175 1327 1287 1380 currat.

221 1413 251 1465 ta
266 1421 348 1482 rogo,
363 1411 397 1464 ut
413 1421 501 1464 navos
517 1404 605 1465 etiam
798 1407 985 1468 monumenti
1006 1400 1169 1467 mebiaoias
1190 1403 1289 1484 plenis

221 1489 292 1550 velis
302 1485 416 1562 euntes,
432 1497 462 1550 et
476 1507 527 1550 me
540 1489 572 1550 in
587 1489 727 1552 tribunali
735 1492 887 1554 sedentem
902 1499 1118 1570 praetextatum
1128 1506 1194 1551 cum
1212 1506 1288 1551 anu·
1309 1499 1341 1553 15

220 1575 255 1636 lis
264 1574 361 1636 aurcis
378 1574 510 1656 quinque
519 1583 548 1636 et
563 1593 702 1638 nummos
717 1577 750 1638 in
765 1575 927 1658 publicoda
942 1577 1058 1638 sacculo
1068 1575 1288 1649 effundentem

221 1660 278 1723 scis
293 1660 382 1732 enim,
398 1661 477 1741 quod
490 1660 610 1739 epulum
626 1661 704 1734 dedi,
720 1661 809 1722 binos
822 1662 970 1723 denarios.
986 1661 1121 1732 iaciatur,
1137 1659 1163 1720 ιι
1174 1658 1229 1720 tibi
1241 1659 1287 1721 ιι-

221 1748 319 1818 detur,
336 1754 366 1807 et
376 1745 511 1807 triclinia.
545 1746 635 1808 iacias
651 1753 680 1806 et
694 1755 791 1809 totum
806 1747 948 1826 populum
964 1746 1019 1808 sibi
1031 1744 1287 1808 suaviter-lacien-

221 1840 292 1894 tem.
327 1833 363 1892 ad
379 1832 531 1893 dexteram
553 1849 650 1893 meam
667 1849 761 1912 ponae
782 1841 910 1894 statuam
931 1833 1108 1894 l'ortunatae
1128 1849 1214 1893 meae
1233 1849 1287 1892 co-

122 1928 128 1935 ’
221 1917 353 1980 lumbam
367 1923 537 1980 tenentem:
554 1926 583 1978 et
598 1917 731 1979 catellam
748 1918 867 1996 cingulo
883 1917 1028 1996 alligatam
1044 1918 1146 1980 ducat:
1164 1924 1195 1977 et
1208 1916 1287 1978 cica-
1306 1923 1340 1974 tu

221 2020 327 2065 ronem
340 2019 451 2074 meum,
467 2010 497 2063 ot
506 2003 663 2082 amphoras
676 2003 963 2082 copiosasgypaatas
985 2019 1023 2064 na
1037 2003 1160 2064 affluant
1174 2001 1294 2062 vinum:

222 2095 251 2150 et
265 2105 372 2168 urnam
389 2088 457 2149 licet
469 2090 590 2149 fractam
602 2089 729 2168 sculpas,
745 2095 775 2148 et
786 2105 877 2167 super
889 2105 955 2149 eam
967 2105 1094 2168 puerum
1105 2085 1287 2166 plorantem.

220 2173 409 2253 horologium
423 2173 455 2233 in
471 2173 577 2244 medio,
593 2182 627 2234 ut
638 2173 773 2254 quisquis
785 2173 873 2234 horas
886 2173 1031 2254 inspiciet,
1048 2172 1117 2234 velit
1127 2171 1210 2245 nolit,
1228 2187 1287 2234 no-

171 2330 175 2334 ,
221 2278 291 2320 men
308 2277 409 2320 meum
424 2259 509 2336 legat.
540 2258 693 2338 inscriptio
709 2274 829 2340 quoquo
851 2258 917 2328 uide
932 2259 1085 2338 diligenter
1106 2257 1132 2319 si
1147 2258 1222 2320 baec
1236 2275 1288 2320 sa-

220 2345 259 2408 tis
274 2345 382 2406 idonea
398 2343 452 2405 tibi
466 2343 598 2405 videtur:
622 2344 674 2406 “G.
687 2343 848 2424 Pompeius
860 2343 1036 2406 Trimalchio
1048 2343 1286 2406 Maecenatianus
1307 2347 1339 2397 2⁵

220 2431 270 2491 hic
285 2429 452 2508 requiescit.
486 2428 556 2490 huio
571 2429 713 2491 seviratus
729 2429 846 2492 absenti
861 2430 1072 2492 decretus-est.
1106 2445 1174 2490 cunt
1185 2437 1289 2508 posset

221 2516 251 2576 iu
267 2515 407 2577 omnibus
422 2514 550 2577 decuriis
566 2515 677 2578 Romae
693 2535 766 2590 essa
782 2523 883 2577 tamen
900 2515 1004 2577 noluit.
1038 2515 1115 2596 pius,
1136 2513 1234 2585 fortis,
1250 2514 1289 2574 fi-

222 2601 303 2673 delia,
320 2619 356 2662 ex
369 2617 460 2681 parvo
472 2600 571 2676 crevit
588 2601 758 2664 sestertium
770 2601 889 2681 rabqurt
899 2600 1069 2674 trecenties
1085 2617 1143 2662 nec
1153 2615 1287 2681 unquam

218 2687 428 2767 philosophum
444 2686 564 2747 audivit
597 2688 674 2748 vale:
691 2695 720 2748 et
735 2685 795 2748 tu''.

168 2781 209 2842 72
306 2772 380 2833 haec
401 2777 434 2833 ut
454 2770 526 2831 dixit
546 2771 737 2845 Trimalchio,
758 2772 830 2834 llere
852 2770 949 2852 ooepit
970 2770 1110 2833 ubertim.
1148 2769 1238 2831 flebat
1258 2778 1289 2832 et
1307 2777 1356 2827 ιι·
1423 2813 1424 2820 1

221 2855 392 2928 Fortunata,
408 2857 496 2918 ilebat
512 2864 542 2918 et
556 2846 719 2931 Habinnas,
734 2865 797 2920 tota
812 2857 941 2938 denique
954 2857 1075 2934 familia,
1098 2864 1241 2954 tanquam
1256 2855 1288 2918 in

220 2942 313 3005 funus
327 2949 439 3021 rogata,
454 2943 667 3005 lamentatione
681 2943 842 3005 triclinium
858 2942 998 3022 implerit.
1032 2943 1125 3005 immo
1145 2941 1204 3004 iam
1219 2959 1289 3002 ιιι

221 3045 324 3110 peram
340 3029 429 3090 etiam
446 3046 500 3107 ego
512 3029 637 3108 plorare,
652 3047 721 3090 cum
733 3029 933 3092 Trimalchio‘
936 3027 1013 3108 crgo*
1029 3028 1146 3109 inquit‘
1148 3043 1217 3096 cum
1229 3028 1290 3088 sci

221 3133 307 3176 amus
322 3131 379 3175 nos
399 3115 561 3175 morituros
584 3131 659 3188 esso,
681 3131 774 3195 quare
792 3133 854 3176 non
875 3111 1031 3176 tiramus?
1052 3115 1096 3176 sic
1114 3131 1169 3176 ιιι
1188 3113 1288 3175 ιιιιιιι

222 3201 348 3272 videam,
363 3199 545 3261 coniciamus
561 3216 617 3260 nos
633 3201 666 3260 in
680 3200 830 3274 balneum,
852 3217 921 3262 meo
937 3199 1079 3279 periculo,
1099 3205 1161 3260 riou
1181 3199 1287 3280 poeni·
1307 3207 1340 3258 35
1423 3257 1424 3270 ,

220 3286 305 3348 tobit.
327 3285 370 3347 sic
384 3285 460 3347 calet
471 3294 613 3365 tanquam
625 3285 749 3347 fumus’.
766 3292 858 3360 baro,
870 3285 948 3346 vero'
968 3285 1067 3364 inquit
1077 3283 1229 3346 Habinnas
1241 3285 1289 3346 ‘de

221 3390 281 3433 una
296 3371 344 3432 die
364 3371 435 3432 duas
457 3370 562 3443 facere,
583 3371 658 3432 nibil
678 3370 765 3433 malo’
789 3370 937 3449 nudisque
962 3369 1288 3449 consurrexitpadibua

221 3465 251 3518 et
266 3456 516 3538 Trimalchionem
532 3456 725 3535 plaudentem
740 3454 882 3536 subsequi
896 3459 995 3536 eoepit.

277 3561 361 3626 ego
376 3541 593 3621 respiciensad
608 3541 748 3622 Ascylton
765 3542 847 3623 quid
862 3538 1034 3619 eogitasi''
1025 3557 1148 3621 mquam
1170 3546 1233 3618 ‘ego
1255 3559 1290 3600 e

222 3628 284 3689 nim
297 3647 322 3689 ιι
315 3627 438 3690 videro
453 3626 603 3701 balneum,
619 3627 719 3690 statim
732 3625 889 3708 expirabo’.
923 3626 1121 3689 ιἰιιιιιιιιιιιι
1136 3626 1237 3688 aitille
1249 3632 1289 3687 ‘et
1307 3639 1342 3690 tt

221 3714 294 3775 dum
309 3713 350 3776 illi
364 3715 502 3775 balneum
518 3720 635 3794 potunt,
652 3732 708 3776 nos
723 3713 756 3776 in
768 3712 855 3776 turba
871 3711 1028 3774 exeamus’.
1062 3729 1128 3774 cum
1140 3712 1213 3772 haec
1224 3712 1289 3790 pla-

290 3855 307 3901 4
319 3867 408 3918 pungas
421 3850 430 3918 ιΙ
447 3851 477 3902 10
491 3858 612 3918 sequatur
625 3850 634 3918 ΙΙ
649 3853 805 3919 lsssorlurro
818 3850 905 3901 triclia
920 3846 924 3916 Ι
939 3847 1021 3900 ιιιιιι
1033 3847 1044 3916 Ι]
1057 3849 1089 3900 22
1102 3857 1128 3900 ct
1145 3863 1219 3899 uuam
1233 3846 1241 3916 Ιι
1256 3849 1289 3898 at

127 3941 130 3946 ·
221 3921 371 3984 gaudentem
384 3918 392 3987 ιι
406 3919 438 3971 39
452 3925 612 3971 absentemur
621 3923 671 3970 at
659 3937 685 3970 m
697 3922 816 3985 mergite
827 3919 862 3970 al
873 3917 1036 3968 absentamur
