2864 4344
107 3953 111 3960 Ι
205 3893 367 3955 collacatus,
382 3889 548 3959 postidegol

660 100 814 158 Pnruortll

337 280 343 298 ¹
383 262 442 324 iam
456 259 570 322 decima
585 267 714 324 maestos
734 258 964 358 interancipites
978 267 1078 324 metus
1289 277 1331 332 ιο

384 348 513 427 Phrygas
528 345 680 408 obsidebat
694 346 797 410 messis
812 352 843 407 et
856 345 931 409 vatis
946 345 1021 408 fides
1092 360 1094 364 ’

385 432 548 498 Calchantis
564 440 628 496 atro
644 431 733 496 dubia
746 430 896 513 pendebat
909 441 1003 505 metu,

385 538 453 584 cum
465 511 546 582 Delio
561 519 700 599 profante
715 517 793 582 caesi
807 517 935 580 vertices

384 608 452 669 ldae
466 605 628 666 trahuntur
641 606 792 686 scissaque
806 604 839 668 in
853 605 964 666 molem
981 604 1089 668 cadunt

385 692 502 764 robora,
519 691 667 754 minacem
683 707 759 772 quae
774 691 937 770 figurarent
950 709 1071 772 equum.

385 778 517 860 aperitur
531 777 637 856 ingens
653 785 773 840 antrum
789 784 818 838 et
833 775 955 841 obducti
969 795 1086 857 specus,

310 896 316 914 ι
384 864 437 946 qui
451 871 547 926 castra
562 871 711 944 caperent.
744 864 804 926 buc
818 862 944 926 decenni
959 863 1072 944 proelio

385 952 459 1014 irata
474 950 568 1012 virtus
583 948 711 1026 abditur,
727 949 840 1030 stipant
855 967 958 1028 graves

386 1036 475 1102 Danai
490 1033 636 1108 recessus,
652 1036 685 1098 in
701 1053 757 1098 suo
771 1041 840 1098 voto
855 1035 957 1097 latent.

386 1143 403 1184 o
418 1122 522 1204 patria,
538 1121 638 1203 pulsas
654 1122 735 1186 mille
750 1120 928 1184 credidimus
943 1127 1022 1184 rates

385 1209 541 1288 solumque
556 1208 633 1271 bello
647 1209 789 1270 liberum:
805 1208 862 1270 hoc
876 1206 980 1270 titulus
995 1206 1059 1270 lero
1170 1209 1178 1227 “

385 1293 508 1368 incisus,
524 1295 582 1356 hoc
596 1295 632 1356 ad
647 1294 726 1358 turta
741 1293 925 1374 compositus
942 1293 1038 1356 Sinon

385 1380 520 1444 firmabat
535 1387 566 1441 et
580 1399 667 1442 mens
682 1395 799 1460 semper
811 1381 844 1455 in
860 1380 1003 1442 damnum
1019 1385 1127 1460 potens

427 1467 485 1528 iam
499 1466 587 1530 turba
601 1468 697 1547 portis
711 1467 803 1528 libera
817 1486 851 1529 ac
864 1465 942 1528 bello
956 1484 1062 1528 carens

384 1555 417 1616 in
433 1560 500 1615 vota
514 1561 661 1634 properat
695 1553 814 1616 fletibus
829 1559 953 1616 manant
965 1569 1060 1632 genae

343 1683 348 1692 ,
385 1639 557 1721 mentisque
572 1639 695 1719 pavidae
709 1639 849 1720 gaudium
865 1638 1002 1700 lacrimas
1016 1637 1124 1700 habet

386 1745 460 1807 quas
475 1733 576 1788 metus
591 1724 698 1807 abegit.
731 1743 863 1806 namque
878 1725 1018 1805 Neptuno
1033 1742 1116 1786 sacer

312 1818 316 1825 '
385 1812 497 1876 crinem
513 1812 629 1874 solutus
644 1831 735 1875 omne
749 1812 887 1874 Laocoon
902 1811 998 1891 replet

387 1900 515 1961 clamore
529 1899 644 1978 vulgus.
677 1918 747 1962 mox
761 1900 882 1962 reducta
897 1895 1017 1977 cuspide

387 1992 507 2047 uterum
522 1985 646 2058 notavit,
661 1984 719 2046 lata
735 1987 786 2046 sed
801 1986 921 2047 tardant
936 2001 1055 2054 manus,

387 2071 522 2151 ictusque
538 2069 631 2133 resilit
646 2078 676 2132 et
690 2070 763 2132 dolis
778 2070 859 2133 addit
873 2068 972 2132 fidem.

386 2158 496 2220 iterum
510 2163 612 2218 tamen
627 2156 784 2220 confirmat
797 2154 955 2220 invalidam
971 2171 1095 2218 manum

387 2245 503 2322 altaque
517 2241 642 2322 bipenni
656 2242 745 2305 latera
760 2249 920 2323 pertentat
953 2240 1054 2304 lremit

387 2329 501 2410 captiva
515 2328 610 2409 pubes
624 2328 716 2404 intus,
732 2336 763 2390 et
777 2329 850 2402 dum
865 2335 1043 2400 murmurat,

386 2415 513 2478 roborea
529 2415 622 2476 moles
637 2415 732 2495 spirat
745 2414 843 2478 alieno
857 2422 951 2478 metu.

386 2502 446 2565 ibat
460 2501 600 2564 iuventus
616 2508 708 2582 capta,
724 2503 796 2564 dum
811 2501 929 2564 Troiam
944 2498 1031 2580 capit,

386 2588 555 2669 bellumque
570 2593 668 2652 totum
684 2587 790 2650 fraude
805 2586 929 2650 ducebat
945 2603 1028 2648 nova.

430 2693 498 2736 ecce
512 2673 567 2736 alia
580 2681 727 2736 monstra:
743 2674 821 2736 celsa
836 2693 894 2754 qua
906 2671 1042 2734 Tenedos
1057 2687 1138 2732 mare

386 2761 475 2822 dorso
490 2759 623 2840 replevit,
638 2759 753 2822 tumida
769 2765 954 2837 consurgunt
966 2761 1042 2820 freta

386 2847 528 2926 undaque
541 2845 666 2907 resultat
680 2846 771 2908 scissa
786 2844 946 2927 tranquillo
963 2843 1071 2916 minor,

387 2931 480 3012 qualis
496 2931 596 2994 silenti
611 2940 698 2994 nocte
713 2949 865 2995 remorum
881 2949 974 2995 sonus

386 3019 471 3096 longe
486 3018 625 3089 refertur,
641 3035 709 3080 cum
724 3024 867 3098 premunt
882 3018 990 3082 classes
1006 3032 1089 3078 mare

385 3104 567 3185 pulsumque
582 3121 713 3167 marmor
728 3103 824 3166 abiete
839 3103 978 3184 imposita
992 3101 1093 3183 gemit.

313 3205 345 3255 ³5
385 3190 576 3271 respicimus:
593 3207 703 3270 angues
718 3189 839 3252 orbibus
854 3188 979 3270 geminis
993 3189 1095 3250 ferunt

385 3277 422 3339 ad
438 3295 507 3338 saxa
522 3277 639 3349 linctus,
655 3275 770 3338 tumida
785 3294 915 3357 quorum
929 3284 1049 3357 pectora

386 3368 465 3425 rates
481 3369 514 3425 ut
530 3362 605 3424 altae
620 3362 761 3424 lateribus
776 3381 898 3442 spumas
912 3369 1011 3442 agunt

387 3449 437 3513 dat
451 3450 543 3512 cauda
558 3447 699 3521 sonitum,
715 3448 824 3512 bberae
839 3455 932 3528 ponto
944 3446 1029 3512 iubae

266 3615 442 3685 bligurabant
467 3617 695 3681 lcooeecipuratnr
708 3612 717 3682 ll
730 3614 847 3666 tldureta
855 3613 1024 3665 Bonamicus
1036 3612 1045 3681 ΙΙ
1061 3616 1216 3669 ldreccssus
1222 3618 1272 3669 lla-

206 3687 249 3737 nai
262 3693 288 3736 et
300 3685 324 3735 in
338 3671 442 3735 votoO
469 3683 498 3732 13
516 3681 591 3748 letali
607 3685 638 3736 14
654 3698 724 3734 mens
741 3698 840 3749 semper
856 3681 1104 3735 Automedontem.-
1097 3685 1271 3738 mendatium

205 3769 304 3820 semper
313 3752 567 3816 cormanacum)
576 3752 731 3804 mendacium
745 3751 838 3818 reltpm
850 3751 854 3819 Ι
870 3752 986 3889 inpct'ena
1004 3754 1098 3805 edaa'ma
1094 3754 1121 3819 ΙΙ
1135 3755 1166 3806 16
1181 3771 1271 3822 prope-

205 3769 285 3888 thl
299 3822 331 3872 22
276 3822 460 3888 ”letusque
478 3820 540 3872 mm
548 3789 938 3958 &affinffiatfflrgffl
935 3821 1113 3958 llildfforlllcn
1108 3822 1271 3959 ‹llatlplolllt
