2860 4340
248 111 307 174 148
698 107 850 170 canutus

301 279 315 328 t
353 267 408 327 illis
424 264 456 325 ni
471 263 572 345 pueris
588 281 661 324 anus
677 261 795 334 fuissetQ

354 371 394 413 ne
409 350 503 411 desim
520 348 585 426 sibi,
603 367 651 410 me
664 355 758 427 rogat,
775 347 899 410 lututor.

354 436 425 517 quid
441 434 467 496 si
483 452 563 497 nunc
578 440 673 513 roget,
689 440 723 494 ut
738 433 835 512 puella
850 427 926 493 liat?

638 556 723 566 ——u-

355 606 381 668 si
392 621 531 666 nummos
546 612 647 667 tamen
662 605 736 665 haec
750 602 848 676 habet,
865 601 963 682 puella
979 608 1032 664 est.

735 789 823 852 LVIII

355 896 533 975 Quicunque
550 900 684 957 nostram
695 894 745 955 iur
759 892 899 955 fefellerit
913 910 1024 965 curam,

357 981 527 1043 effeminato
544 980 690 1043 verminat
705 979 808 1059 procul
824 979 904 1052 culo;

355 1066 492 1147 quaequ'e
508 1064 557 1127 hic
568 1075 706 1146 proterva
722 1063 869 1144 carpserit
885 1082 975 1126 manu
989 1081 1078 1143 poma

354 1151 461 1232 puella,
477 1152 592 1215 nullum
608 1151 740 1231 reperiat
753 1151 929 1214 fututorem.
977 1188 981 1209 t

734 1351 835 1414 LVIlIl

358 1452 546 1514 Praedictum
562 1451 616 1512 tibi
632 1470 671 1512 ne
686 1471 794 1532 negare
810 1453 922 1533 possis:

358 1539 383 1600 si
399 1539 447 1599 lur
463 1537 590 1611 veneris,
607 1537 777 1618 impudicus
793 1539 862 1600 oris.

759 1705 810 1776 Lx

358 1808 387 1868 Si
405 1817 478 1887 quot
492 1807 583 1869 habes
600 1826 712 1881 versus,
730 1817 775 1869 tot
791 1807 917 1869 haberes
932 1826 1029 1886 poma,
1046 1807 1161 1886 Priape,

400 1911 479 1954 esses
495 1894 617 1973 antiquo
634 1894 725 1955 ditior
739 1894 870 1956 Alcinoo.

755 2066 819 2128 LXI

357 2168 434 2242 Quid
449 2172 558 2230 frustra
575 2167 719 2248 quereris,
735 2168 849 2242 colone,
866 2189 994 2242 mecum,

359 2255 440 2334 quod
455 2253 606 2333 quondam
621 2253 698 2318 bone
712 2255 864 2317 fructuosa
879 2256 974 2326 malus

357 2339 509 2401 autumnis
525 2338 634 2400 sterilis
650 2339 767 2402 duobus
784 2337 924 2402 adstem‘?

358 2443 420 2485 non
435 2443 484 2486 me
495 2434 677 2504 praegravat,
694 2433 727 2485 ut
739 2433 835 2505 putas,
851 2433 999 2497 senectus,

309 2533 318 2546 ·
359 2527 415 2570 nec
431 2529 498 2572 sum
513 2509 658 2589 grandine
671 2513 821 2575 verberata
838 2511 920 2582 dura,

268 2596 291 2685 ι’
360 2614 415 2655 nec
431 2614 563 2674 gemmas
579 2595 668 2657 modo
684 2596 818 2674 germino
834 2603 978 2658 exeuntes

359 2680 419 2742 seri
434 2680 553 2759 frigoris
569 2681 708 2742 ustulavit
722 2701 801 2756 aura,

359 2782 415 2826 nec
430 2765 511 2825 renti
525 2765 678 2844 pluviaere
693 2766 855 2838 siccumve,

358 2851 438 2929 qnod
455 2849 491 2910 dc
506 2868 700 2929 sequanmur,
717 2851 827 2920 malum
839 2851 1000 2926 dederunt3

293 2955 323 3004 10
359 2952 421 2996 non
437 2943 559 2996 sturnus
575 2935 647 2995 mihi
661 2935 851 3013 gracculusve
867 2944 968 3016 raptor

359 3028 410 3082 aut
425 3021 529 3082 cornix
543 3039 619 3081 anus
635 3030 687 3081 aut
702 3040 833 3100 aquosus
849 3040 937 3086 anser

359 3113 409 3166 aut
424 3124 528 3167 corvus
545 3105 647 3166 nocuit
662 3106 843 3168 siticulosus:

360 3190 413 3252 sed
430 3191 509 3271 quod
526 3191 654 3253 carmina
670 3192 791 3270 pessimi
807 3199 914 3272 poetae

359 3276 449 3337 ramis
465 3276 597 3338 sustineo
613 3275 776 3338 laboriosis.

749 3413 828 3479 LXII

359 3515 460 3577 Securi
475 3515 612 3586 dormite,
628 3535 730 3584 canes:
745 3517 897 3584 custoditl
907 3517 1028 3588 hortum

404 3619 470 3660 curn
488 3600 544 3662 sibi
559 3601 662 3664 dilecta
679 3601 774 3669 Sitius
788 3603 926 3681 Erigone.

150 3817 158 3822 .
295 3773 361 3834 nvn
375 3773 471 3825 &desit
483 3772 602 3827 editiones
614 3769 623 3840 {l
637 3773 652 3824 8
665 3771 763 3829 dolebat
776 3775 900 3830 Boethius
913 3772 922 3842 ΙΙ
935 3773 1012 3830 LVIII
1025 3779 1043 3829 1.
1053 3777 1147 3839 nurum]
1160 3775 1232 3828 fidem
1242 3775 1322 3845 plari.

253 3858 300 3908 que
311 3841 370 3892 libri
381 3842 390 3910 ll
404 3839 493 3894 LVIIII
507 3841 521 3889 2
534 3840 585 3890 eris
