2864 4344
236 120 277 186 20
687 118 842 174 rnruolul

235 275 326 356 periri
340 274 429 349 volui,
451 291 489 336 an
504 281 566 338 tota
581 274 690 337 familia
705 282 846 347 cautaret,
866 273 968 354 itaque
986 273 1140 352 potionem
1161 273 1297 354 poposci.
1310 277 1352 332 111

234 361 441 441 paratissimus
457 380 531 441 puer
545 379 608 423 uon
623 361 721 423 minus
737 379 785 423 me
801 359 884 424 acido
900 360 1016 423 cantico
1031 359 1155 439 excepit,
1172 367 1202 422 et
1218 359 1302 441 quis-

235 445 302 528 quis
317 447 426 527 aliquid
440 454 561 526 rogatus
585 455 647 508 erat
668 455 700 509 ut
715 446 798 509 daret
968 445 1144 525 pantomimi
1165 447 1302 519 chorum,

235 551 297 594 nou
311 533 402 613 patris
417 532 542 594 familiae
561 532 723 594 triclinium
744 531 891 594 crederes.
922 531 1008 593 allata
1025 539 1071 592 est
1085 539 1188 593 tamen
1199 541 1303 611 gusta·
1414 535 1415 546 ¹

234 618 276 680 tic
295 618 380 681 valde
405 618 498 693 lauta3
525 637 594 681 uam
615 618 676 680 iam
697 636 801 680 omnes
823 616 1036 679 discubuerant
1057 624 1173 697 praeter
1201 617 1302 698 ipsum
1321 633 1336 680 5

234 702 493 778 Trimalchionem,
514 704 561 766 cui
577 705 659 766 locus
679 722 757 766 novo
772 720 857 765 more
872 703 987 782 primus
1009 703 1187 765 servabatur.
1218 712 1304 765 cete·

233 807 301 851 rum
316 789 396 851 inter
415 788 642 870 promulsidaria
669 791 774 852 asellus
799 795 863 852 erat
885 787 1056 851 Corinthius
1085 806 1153 850 cum
1175 788 1303 850 bisaccio

233 874 360 954 positus,
377 875 429 955 qui
443 875 568 938 habebat
582 874 673 938 olivas
689 875 721 938 iu
737 877 827 938 altera
842 881 926 954 parte
936 875 1030 948 albas,
1041 873 1072 935 iu
1085 874 1176 936 altera
1187 874 1301 954 nigras.

233 962 373 1040 tegebant
392 960 516 1022 asellum
540 962 616 1023 duae
635 962 750 1034 lauces,
777 961 957 1041 inquorum
977 959 1162 1040 marginibus
1186 979 1302 1024 nomen
1414 953 1415 980 ¹

231 1045 460 1108 Trimalchionis
476 1046 655 1127 inscriptum
671 1055 734 1110 erat
750 1053 779 1108 et
794 1047 909 1126 argenti
926 1047 1053 1127 pondus.
1083 1045 1226 1125 ponticuli
1243 1047 1301 1108 eti·
1319 1060 1352 1112 1ο

233 1151 281 1194 aru
306 1132 492 1194 ferruminati
519 1132 705 1196 sustinebant
724 1131 811 1213 glires
837 1132 923 1194 melle
946 1151 978 1194 ac
999 1149 1144 1212 papavere
1169 1149 1300 1212 sparsos.

231 1217 354 1280 fuerunt
391 1225 420 1278 et
446 1218 594 1280 tomacula
627 1237 718 1300 super
750 1218 919 1282 craticulam
951 1226 1121 1298 argenteam
1153 1218 1302 1281 ferventia

230 1304 335 1383 posita,
356 1309 385 1364 ot
410 1303 488 1366 inira
509 1304 680 1366 craticulam
704 1303 820 1384 Syriaca
842 1321 938 1385 pruna
964 1321 1033 1366 cum
1062 1302 1163 1383 granis
1192 1303 1303 1366 Punici
1414 1295 1415 1388 1

232 1389 309 1450 mali.
1221 1414 1232 1446 x

178 1470 217 1534 32
315 1473 347 1536 iu
358 1473 405 1536 bis
418 1493 536 1536 eramus
546 1473 678 1548 lautitiis,
691 1495 759 1538 oum
771 1474 836 1555 ipse
847 1474 1026 1536 Trimalchio
1041 1473 1077 1535 ad
1090 1473 1300 1553 symphoniam
1322 1483 1351 1532 15
1414 1519 1415 1542 ,

230 1559 334 1621 allatus
349 1568 395 1622 est
410 1560 584 1640 positusque
599 1561 679 1621 inter
694 1561 844 1623 cervicalia
867 1561 1065 1621 munitissima
1080 1559 1227 1640 expressit
1241 1560 1304 1622 inu-¹
1414 1597 1415 1612 ,

231 1646 429 1724 prudentibus
450 1647 555 1707 risum.
596 1646 684 1726 pallio
710 1646 790 1708 enim
816 1647 954 1708 coccineo
975 1646 1114 1708 adrasum
1137 1643 1303 1708 excluserat

231 1737 320 1811 caput
346 1731 483 1813 circaque
508 1741 646 1794 oneratas
672 1739 753 1794 veste
780 1732 910 1794 cervices
937 1731 1108 1795 laticlaviam
1134 1729 1302 1793 immiserat

233 1834 371 1897 mappam
392 1817 516 1880 fimbriis
533 1818 603 1879 hinc
624 1823 712 1898 atque
727 1818 807 1880 illiue
822 1817 1032 1899 pendentibus.
1063 1816 1188 1878 habebat
1208 1817 1303 1879 etiam

231 1901 263 1962 iu
280 1901 404 1964 minimo
420 1903 511 1981 digito
528 1903 665 1965 sinistrae
681 1923 789 1966 manus
802 1904 924 1965 anulum
937 1903 1079 1981 grandem
1090 1900 1299 1974 subauratum,
1319 1913 1351 1962 11

232 1994 365 2048 extremo
387 2006 458 2049 roro
475 1987 600 2051 articulo
617 1989 697 2067 digiti
719 1990 870 2068 sequentis
885 1990 1041 2063 minorem,
1064 1996 1098 2050 ut
1120 1987 1192 2048 mihi
1217 1989 1301 2051 vide-

231 2071 327 2147 batur,
341 2081 439 2134 totum
459 2091 599 2147 aureum,
621 2075 673 2136 sed
695 2074 783 2154 plane
805 2075 910 2136 ferreis
932 2074 1022 2136 veluti
1045 2073 1137 2135 stellis
1158 2074 1303 2136 ferrumi-

230 2166 343 2220 natum.
374 2167 403 2221 et
418 2177 457 2220 ue
478 2158 531 2221 has
545 2167 662 2221 tautum
683 2161 855 2222 ostenderet
870 2160 995 2231 divitias,
1018 2159 1157 2221 dextrum
1177 2161 1302 2223 nudavit

230 2239 372 2306 laceitum
387 2243 501 2306 armilla
517 2265 605 2307 aurea
621 2247 734 2308 cultum
758 2255 787 2308 et
808 2246 916 2308 eboreo
938 2245 1047 2308 circulo
1067 2245 1175 2307 lamina
1197 2247 1302 2325 splen·
1414 2271 1415 2326 1

177 2328 216 2390 33
229 2328 319 2391 dente
336 2348 456 2392 conexo.
487 2338 521 2392 ut
536 2331 642 2392 deinde
657 2332 749 2413 pinna
764 2339 902 2412 argentea
918 2333 1021 2394 dentes
1036 2331 1174 2411 perfodit,
1192 2332 1300 2398 ‘amici'
1319 2341 1350 2392 25
1414 2327 1415 2419 1

239 2415 327 2496 nquit
342 2417 489 2478 ‘nondum
504 2416 578 2479 mihi
592 2435 682 2480 suave
698 2425 761 2480 erat
775 2417 807 2478 in
822 2417 984 2479 triclinium
1001 2417 1112 2488 venire,
1128 2417 1181 2478 sed
1196 2434 1235 2478 ne
1251 2417 1299 2479 di-

230 2501 309 2564 utius
326 2501 498 2564 absentivos
519 2520 621 2565 morae
643 2503 725 2565 vobis
742 2522 848 2575 essem,
873 2522 994 2565 omnem
1016 2503 1200 2583 voluptatem
1224 2504 1301 2565 mihi

229 2587 343 2666 negavi.
369 2588 547 2667 permittetis
564 2596 665 2651 tamen
680 2587 760 2652 liniri
774 2589 893 2651 lusum!
930 2589 1111 2670 sequebatur
1132 2607 1207 2668 puer
1229 2607 1299 2650 curu

228 2673 327 2734 tabula
342 2673 542 2735 terebinthina
558 2682 587 2735 et
603 2675 777 2754 crystallinis
793 2674 925 2748 tesseris,
940 2675 1097 2753 notavique
1113 2693 1177 2735 rem
1194 2675 1299 2736 omui-

229 2776 281 2819 um
297 2757 545 2821 delicatissimam.
576 2777 630 2838 pro
646 2759 764 2821 calculis
788 2761 869 2821 enim
884 2759 956 2822 albis
972 2778 1005 2821 ac
1020 2760 1111 2840 nigris
1126 2779 1233 2822 aureos
1249 2779 1300 2822 ar·
1319 2773 1351 2823 31

229 2849 411 2924 geuteosque
427 2842 555 2906 habebat
566 2844 714 2906 denarios.
744 2845 864 2908 interim
885 2845 958 2907 dum
980 2846 1028 2908 ille
1048 2845 1184 2907 omnium
1199 2852 1301 2908 texto-

228 2945 297 2990 rum
314 2928 389 2990 dicta
406 2929 484 2991 inter
498 2930 597 2992 lusum
613 2930 777 3006 consumit,
791 2931 979 3012 gustantibus
996 2930 1092 2994 adbuc
1106 2931 1193 2994 nobis
1208 2948 1300 3011 repo-

227 3013 364 3076 sitorium
380 3014 498 3077 allatum
515 3022 560 3078 est
574 3034 642 3078 cum
658 3016 757 3095 corbe,
773 3019 805 3080 in
821 3012 880 3097 q‘uo
892 3017 997 3097 gallina
1010 3024 1073 3078 erat
1083 3017 1178 3098 lignea
1189 3024 1301 3096 pateu-

227 3099 308 3161 tibus
325 3100 356 3161 iu
373 3099 476 3162 orbem
491 3101 553 3174 alis,
576 3102 676 3181 quales
700 3121 765 3165 esse
781 3105 879 3166 solent
901 3121 977 3184 quae
997 3101 1140 3164 incubant
1158 3121 1220 3164 ova.
1248 3121 1299 3164 ac-

228 3203 343 3246 cessere
352 3185 494 3249 continuo
507 3186 649 3249 duoservi
657 3196 686 3249 et
698 3189 875 3269 symphonia
884 3196 1035 3271 strepente
1045 3188 1170 3251 scrutari
1182 3187 1299 3268 paleam
1318 3203 1350 3252 35

229 3279 395 3351 coeperunt
421 3280 565 3352 erutaque
591 3272 719 3335 subinde
744 3275 892 3355 pavonina
915 3294 969 3336 ova
996 3274 1122 3336 divisere
1154 3273 1297 3335 convivis.

228 3357 374 3419 convertit
389 3357 425 3419 ad
441 3358 517 3419 hauc
532 3376 669 3420 scaenam
685 3359 862 3422 Trimalchio
877 3361 991 3422 vultum
1007 3367 1036 3420 et
1051 3358 1155 3436 ‘amici'
1178 3359 1218 3420 ait
1235 3365 1297 3439 ‘pa-

227 3441 313 3503 vonis
330 3460 382 3503 ova
398 3443 522 3523 gallinae
543 3444 618 3506 iussi
637 3445 774 3526 supponi.
805 3453 835 3507 et
855 3445 1041 3508 mehercules
1063 3445 1155 3507 timeo
1176 3463 1215 3506 ue
1237 3446 1298 3506 iam

226 3565 440 3578 Μ

294 3601 310 3651 4
322 3607 375 3651 turn
387 3599 409 3651 L
422 3598 430 3667 11
445 3601 459 3650 5
472 3607 577 3665 praeter
589 3614 665 3650 uuum
678 3599 702 3650 H
713 3597 722 3668 11
737 3601 751 3650 'l
764 3599 791 3652 in
807 3600 990 3666 promulsidari
1003 3599 1012 3668 11
1028 3601 1058 3652 12
1074 3616 1152 3667 supra
1187 3599 1297 3654 ferven-

225 3667 264 3720 tia
276 3677 422 3733 argenteam
435 3667 443 3737 11
460 3670 490 3720 13
499 3666 615 3720 etumb
628 3666 636 3736 11
654 3669 683 3722 16
695 3669 867 3722 minutissima
881 3666 900 3720 L
913 3666 922 3736 11
939 3670 967 3721 17
981 3668 1154 3722 incluseratL
1190 3669 1223 3720 25
1235 3687 1297 3721 con-

226 3751 317 3788 nexum
330 3735 339 3805 11
353 3738 384 3788 17
398 3753 483 3790 morae
496 3737 570 3790 vobis
582 3753 645 3803 quae
655 3735 839 3803 Hglosreruati
848 3738 907 3788 boio
923 3737 1014 3790 absens
1027 3739 1163 3793 subiuncta
1179 3742 1240 3790 octo
1251 3754 1298 3790 vc·

226 3805 282 3856 nire
294 3805 437 3870 inculcarit,
451 3821 501 3858 om.
517 3804 536 3858 L
552 3806 556 3872 1
572 3820 669 3858 omnam
686 3821 735 3858 om.
749 3806 839 3873 111130
856 3813 901 3858 aut
919 3804 1005 3874 11131
1027 3814 1151 3858 tastorum
1169 3804 1228 3858 Lin
1246 3823 1296 3874 quo

225 3874 292 3925 dicta
305 3874 434 3927 intercidit
446 3873 455 3942 11
469 3875 500 3926 33
513 3875 593 3939 quob
