2860 4340
701 1167 723 1199 Χ

691 1265 704 1328 Ι

267 1347 417 1427 Carminis
432 1353 576 1445 inconpti
591 1367 674 1428 lusus
689 1367 802 1428 lecture
811 1387 967 1448 procaces,

309 1451 492 1512 conveniens
508 1449 591 1512 Latio
607 1471 685 1531 pone
698 1454 899 1532 supercilium.

265 1557 326 1600 nun
343 1555 430 1598 snrcr
445 1537 502 1597 hoe
516 1537 629 1598 habitat
644 1537 766 1609 Phoebi,
783 1557 844 1599 non
860 1541 946 1600 Vesta
962 1541 1078 1614 sacello,

196 1660 199 1670 s
309 1641 365 1684 nec
380 1641 455 1702 quac
470 1621 506 1682 dc
521 1623 617 1702 patric
633 1623 742 1684 vertice
758 1632 827 1684 nata
845 1625 897 1684 dea
911 1632 964 1695 cst,

258 1710 317 1772 'sed
333 1708 425 1769 ruber
440 1708 596 1768 hortorum
610 1716 719 1781 custos,
736 1709 934 1769 membrosicr
950 1702 1054 1789 acque,
1174 1725 1189 1773 5

308 1794 360 1874 qui
376 1801 488 1854 tecturn
504 1793 591 1854 nullis
609 1793 739 1854 vestibus
755 1793 866 1874 inguen
882 1795 979 1854 habet.

265 1888 316 1942 aut
331 1879 422 1959 igitur
437 1879 570 1938 tunicam
586 1878 663 1957 parti
679 1881 841 1958 praetende
856 1881 1010 1960 tegendae,

308 1973 357 2026 aut
373 1963 483 2044 quibus
498 1965 577 2025 hanc
592 1963 684 2024 cculis
700 1965 838 2044 adspicis,
854 1964 910 2028 ista
926 1966 997 2046 lege.

679 2137 706 2201 11

263 2241 383 2303 Ludens
398 2239 473 2302 baec
487 2260 543 2320 ego
557 2247 634 2303 assia
649 2247 688 2314 te,
705 2240 819 2320 Priape,

263 2328 351 2389 horte
367 2327 498 2388 carmina
515 2326 610 2406 digna,
626 2344 689 2388 nen
704 2325 812 2400 libello,

217 2414 221 2422 ⁴
263 2413 368 2492 scripsi
384 2431 445 2474 nnn
461 2411 587 2474 nimium
602 2410 756 2480 laboriose.

264 2517 320 2559 nec
333 2497 432 2560 Musas
447 2504 558 2570 tamen,
574 2503 608 2558 ut
623 2497 721 2559 solani
736 2504 853 2576 poetae,

265 2585 301 2645 ad
316 2601 379 2644 nnn
395 2581 561 2662 virgineum
577 2582 675 2645 lucum
691 2583 799 2644 vocavi.

265 2688 334 2730 narn
350 2687 457 2756 sensus
474 2669 547 2729 rnihi
562 2686 674 2747 corque
689 2667 840 2744 defuisset,

264 2762 368 2826 castas,
384 2754 515 2815 Pierium
532 2755 666 2825 chorum,
682 2772 800 2815 sorores

263 2859 334 2901 ausc
352 2839 460 2901 ducere
476 2839 639 2900 mentulam
657 2839 692 2900 ad
706 2839 814 2919 Priapi.

264 2943 334 3003 crgo
350 2925 491 3010 quicquid
507 2925 536 2986 id
553 2935 608 2997 cst,
624 2925 703 3004 quod
720 2925 832 2991 otiosus

263 3011 364 3090 ternpli
380 3009 543 3094 parietibus
558 3010 603 3074 tui
618 3009 728 3082 notavi,

263 3096 295 3157 in
310 3105 425 3179 partem
440 3096 564 3176 accipias
579 3094 698 3168 bonam,
715 3113 864 3174 rogamus.

670 3268 709 3329 III

560 3443 562 3450 Α
628 3391 745 3432 ovrnrr
854 3429 861 3439 ,

263 3477 396 3538 Obscura
412 3484 548 3556 poteram
564 3475 617 3536 tibi
632 3475 749 3538 diceres
762 3476 809 3538 ‘ua
825 3475 906 3550 mibi,
923 3476 1004 3554 quod
1019 3484 1052 3537 tu

305 3562 357 3622 des
372 3563 441 3623 licet
456 3562 583 3632 assidue,
599 3561 642 3622 nil
656 3568 758 3624 tamen
772 3561 843 3624 inde
859 3562 945 3640 perit.
994 3559 997 3569 '

224 3751 293 3813 Quae
312 3766 361 3801 nun
381 3750 510 3801 adiectum
533 3751 624 3800 baboni
636 3753 750 3802 auctoris
759 3765 858 3816 namen,
881 3768 910 3802 aa
922 3755 949 3802 in
961 3719 1087 3812 radicibus
1095 3751 1222 3821 plerusque

152 3820 283 3885 leguntur.
308 3820 344 3885 cs.
358 3821 441 3869 musei
452 3817 569 3869 liberiani
579 3821 624 3870 coi.
636 3818 734 3873 XVIII
739 3835 764 3888 p.
776 3819 829 3872 383
839 3835 874 3870 ss.
