2860 4340
668 141 823 196 Pnrnortrr

337 319 466 380 veraque
481 303 576 361 forma
591 298 677 374 redit,
694 299 822 373 animus,
840 298 919 378 quod
934 297 1073 378 perdidit,
1090 305 1173 378 optat
1296 302 1341 356 to

336 395 425 467 atque
440 385 472 448 in
487 385 644 466 praeterita
660 403 691 446 se
707 384 932 464 totusimagine
947 389 1045 446 versat

734 499 753 534 ’33

297 559 303 646 l
322 561 431 642 ‘itaque
442 561 498 623 hoo
512 561 633 622 nomine
647 560 700 623 tibi
709 561 817 640 gratias
832 579 895 640 ago,
912 559 991 641 quod
1003 558 1208 622 meSoeratioa
1224 559 1283 620 fide
1301 565 1323 618 t

215 648 318 727 diligis.
351 665 413 709 non
439 655 500 710 tarn
521 647 652 710 intactus
674 645 892 708 Alcibiadesin
919 644 1118 727 praeceptoris
1137 644 1184 707 sui
1204 645 1283 708 lecto

215 734 312 798 iacuit’
359 747 361 758 ⁴

739 842 758 878 e
794 819 797 822 ’
1262 869 1264 874 .

148 908 207 970 129
301 908 397 971 ‘crede
412 907 495 982 mihi,
510 907 611 980 frater,
627 923 689 968 non
703 905 845 985 intellego
867 925 916 969 me
933 905 1029 968 virum
1042 925 1117 981 esse,
1133 921 1197 966 non
1209 924 1282 967 sen·
1302 910 1318 959 5

215 995 266 1056 tio.
298 994 435 1058 funerata
452 1001 497 1054 est
512 992 560 1054 illa
574 992 795 1074 parscorporis‚
811 1010 871 1073 qua
887 993 1039 1073 quondam
1047 990 1174 1054 Achilles
1188 989 1281 1054 eram’

303 1135 305 1138 .
738 1105 757 1141 db

299 1168 411 1232 veritus
426 1187 510 1248 puer,
533 1187 572 1229 ne
587 1166 619 1228 in
633 1172 748 1229 secreto
765 1167 970 1246 deprehensus
993 1169 1076 1230 daret
1092 1165 1283 1232 sermonibus

215 1256 324 1328 locum,
340 1253 486 1335 proripuit
500 1273 532 1315 se
548 1261 578 1316 et
593 1253 625 1315 in
639 1260 755 1334 partem
770 1252 890 1316 aedium
905 1253 1079 1316 interiorem
1094 1253 1168 1334 fugit

735 1365 755 1402 it·

298 1426 302 1512 Ι
322 1429 492 1491 cubiculum
500 1436 601 1491 autem
616 1445 717 1490 meum
726 1428 843 1509 Chrysis
859 1428 979 1492 intrarit
992 1429 1200 1510 codicillosque
1208 1429 1285 1491 mihi
1300 1433 1342 1487 Lo

216 1515 355 1579 dominae
371 1535 442 1578 suae
457 1514 596 1588 reddidit,
612 1514 764 1595 inquibus
780 1517 853 1578 haec
868 1523 951 1577 erant
965 1515 1090 1596 scripta:
1113 1515 1207 1578 ‘Circe
1222 1514 1283 1576 Po·
1304 1521 1336 1575 10

215 1605 317 1684 lyaeno
338 1604 473 1664 salutem.
513 1601 539 1662 si
559 1599 720 1663 libidinosa
743 1609 849 1673 essem,
867 1620 1016 1681 quererer
1036 1602 1178 1681 decepta;
1201 1619 1285 1664 nuno

215 1689 305 1750 etiam
320 1687 455 1767 languori
469 1693 521 1748 tuo
537 1686 642 1765 gratias
658 1703 722 1765 ago.
752 1685 784 1747 in
799 1685 905 1750 umbra
917 1688 1075 1768 voluptatis
1088 1687 1199 1750 diutius
1214 1687 1284 1749 lusi.

216 1775 288 1856 quid
301 1783 409 1836 tamen
420 1791 496 1852 agas,
512 1790 633 1852 quaero,
650 1780 680 1833 et
696 1790 735 1832 an
747 1771 806 1834 tuis
818 1771 947 1852 pedibus
960 1771 1132 1854 perveneris
1145 1774 1285 1848 domum3

217 1866 325 1938 negant
339 1859 418 1921 enim
435 1857 541 1919 medici
553 1858 619 1919 sine
630 1858 728 1919 nervis
743 1857 881 1921 homines
890 1859 1146 1940 ambulareposse.
1176 1876 1284 1922 narra-

215 1947 254 2008 bo
269 1944 334 2019 tibi,
350 1944 534 2016 adulescens,
550 1943 697 2023 paralysin
712 1963 792 2005 cave.
835 1961 989 2025 nunquam
1010 1962 1064 2024 ego
1085 1963 1206 2025 aegrum
1221 1952 1284 2006 tam
1305 1949 1337 2000 15

216 2049 324 2111 magno
339 2029 471 2111 periculo
486 2028 560 2105 ridi;
576 2029 689 2090 medius
704 2029 791 2091 lidius
806 2028 863 2090 iam
880 2030 993 2110 peristi.
1010 2030 1091 2109 quod
1102 2029 1219 2092 elidem
1231 2030 1286 2091 lri-

217 2135 271 2195 gus
287 2134 383 2198 genua
399 2133 566 2194 manusque
580 2114 740 2176 tentaverit
754 2122 830 2188 tuas,
857 2115 926 2177 licet
946 2116 983 2178 ad
1003 2113 1151 2179 tubicines
1173 2116 1285 2177 mittas.

217 2202 288 2282 quid
304 2219 374 2281 ergo
390 2197 460 2262 est?
485 2199 573 2261 etiam
586 2199 611 2261 si
626 2217 743 2279 gravem
759 2199 898 2262 iniuriam
916 2200 1025 2281 accepi,
1047 2201 1162 2264 homini
1181 2209 1286 2262 tamen
1330 2221 1335 2231 ’

217 2287 326 2348 misero
341 2305 404 2349 non
418 2285 538 2348 invideo
550 2284 739 2347 medicinam,
770 2285 795 2347 si
810 2286 852 2348 vis
862 2305 951 2348 sanus
964 2305 1039 2362 esse,
1056 2286 1195 2350 Gitonem
1204 2304 1286 2366 roga.

217 2372 352 2452 recipies,
379 2371 512 2452 inquam,
537 2389 644 2432 nervos
666 2379 746 2444 tuos,
768 2371 794 2432 si
805 2371 902 2434 triduo
922 2373 988 2434 sine
1004 2372 1095 2434 fratre
1116 2371 1286 2434 dormieris.
1305 2384 1340 2435 20

218 2478 289 2521 nam
305 2458 383 2539 quod
400 2459 501 2521 adme
516 2458 631 2528 attinet,
647 2475 710 2519 non
724 2457 824 2531 timeo,
840 2476 878 2519 nc
894 2458 961 2538 quis
977 2457 1148 2521 inveniatur
1163 2457 1211 2519 cui
1227 2457 1287 2519 mi-

218 2563 276 2608 nus
291 2544 432 2625 placeam.
464 2563 520 2606 nec
535 2545 688 2624 speculum
709 2542 780 2605 mihi
801 2560 857 2605 neo
878 2543 957 2606 fama
978 2544 1131 2607 mentitur.
1162 2543 1234 2618 vale,
1260 2541 1288 2608 si

239 2629 321 2692 otes’

218 2649 237 2712 p
304 2723 338 2776 ut
352 2713 499 2777 intellexit
525 2713 642 2794 Chrysis
658 2713 819 2793 perlegisse
840 2732 888 2775 me
908 2721 1006 2776 toturn
1022 2713 1198 2788 convicium,
1224 2718 1285 2774 ‘so-

216 2800 287 2862 lent'
303 2801 401 2881 inquit
417 2801 499 2860 ‘haec
513 2799 588 2872 lieri,
606 2806 635 2860 et
649 2799 806 2879 praecipue
821 2799 853 2861 in
868 2800 923 2862 hac
938 2800 1062 2873 civitate,
1079 2801 1179 2880 inqua
1196 2799 1287 2861 muli·
1307 2815 1342 2868 25

218 2905 284 2948 eres
300 2886 389 2947 etiam
404 2887 506 2946 lunam
519 2884 670 2946 deducunt
686 2909 705 2945 a
731 2884 831 2965 itaque
842 2881 932 2947 huius
943 2904 1063 2966 quoque
1077 2885 1122 2948 rei
1134 2904 1204 2948 cura
1215 2903 1286 2964 age-

217 2982 276 3035 tur,
305 2972 435 3034 rescribe
450 2971 539 3032 modo
554 2969 690 3032 blandius
714 2969 851 3032 dominae
866 2971 1061 3053 animumque
1083 2973 1146 3034 eius
1162 2971 1287 3034 candida

217 3057 403 3120 humanitate
417 3056 550 3118 restitue.
587 3073 690 3118 verum
711 3057 791 3118 enirn
812 3056 968 3120 latendum
991 3065 1050 3120 est:
1078 3076 1114 3120 ex
1135 3077 1193 3139 qua
1214 3057 1288 3118 hora

46 3195 61 3224 ,
219 3143 357 3206 iniuriam
373 3142 495 3223 accepit,
510 3143 589 3222 apud
604 3161 636 3203 se
653 3160 715 3204 non
727 3141 791 3204 est’
821 3142 951 3206 libenter
962 3143 1085 3224 quidem
1097 3143 1183 3224 parui
1194 3142 1289 3205 ancil-

150 3231 210 3295 130
218 3230 263 3292 lae
279 3230 428 3309 verbaque
443 3227 583 3290 codicillis
597 3227 666 3290 talia
681 3228 828 3308 imposui:
845 3229 1019 3310 ‘Polyaenos
1034 3229 1134 3292 Circae
1149 3230 1288 3291 salutem.
1308 3238 1344 3293 30

219 3315 316 3378 fateor
330 3331 387 3390 me,
400 3313 527 3388 domina,
542 3332 631 3393 saepe
645 3332 796 3395 peccasse;
818 3331 888 3376 narn
910 3322 940 3376 et
955 3316 1045 3378 homo
1062 3333 1130 3379 sum
1146 3323 1176 3378 et
1191 3315 1290 3376 adhuc

218 3400 345 3464 iuvenis.
380 3417 536 3481 nunquam
550 3410 653 3462 tamen
668 3407 737 3462 ante
751 3401 834 3462 hunc
846 3399 924 3462 diem
940 3419 1034 3481 usque
1047 3402 1083 3463 ad
1092 3408 1222 3464 mortem
1233 3401 1289 3462 de·

220 3485 303 3567 liqui.
337 3485 428 3548 habos
445 3481 753 3562 confitentemsreum':
770 3485 910 3566 quicquid
926 3485 1059 3562 iusseris,
1076 3487 1182 3550 merui.
1215 3505 1289 3567 pro-

221 3573 365 3634 ditionem
380 3572 445 3645 feci,
461 3571 616 3634 hominem
631 3571 734 3647 occidi,
750 3572 895 3652 templum
910 3573 1029 3648 violari:
1045 3574 1078 3636 in
1089 3573 1163 3636 baec
1174 3571 1289 3636 facino-
1309 3579 1345 3633 35

289 3782 486 3852 bproemtreom
500 3781 576 3834 Giton
588 3781 618 3834 ad
632 3779 773 3849 Encolpion
787 3779 796 3850 [Ι
810 3781 825 3832 5
835 3744 1009 3850 promarum
1019 3783 1159 3856 Encolpius
1168 3785 1200 3839 ad
1213 3781 1291 3838 dito-

220 3865 275 3903 nem
288 3848 297 3919 b
313 3853 343 3905 10
357 3850 564 3920 CircePolyaono
578 3851 626 3902 sal.
639 3866 688 3902 om.
701 3849 722 3904 t
735 3850 744 3917 ll
760 3853 915 3918 tSfortosao
925 3862 1009 3909 tamur
1020 3863 1071 3909 tarn
1084 3854 1094 3925 b
1107 3855 1139 3908 32
1151 3853 1250 3908 hanel
1267 3849 1280 3922 ΙΙ

221 3921 252 3974 33
266 3921 366 3989 inquam
375 3925 433 3990 post
444 3921 523 3972 habes
535 3919 634 3972 addunt
645 3936 679 3971 oa·
693 3921 786 3974 otene
796 3923 941 3993 murpoloti
