2860 4340
597 151 738 206 sarisas
1158 157 1197 221 95

72 315 115 370 Lo
127 330 161 376 ra
177 293 290 393 quaere
311 309 498 390 supplicium.
531 309 593 371 sive
615 309 749 372 occidere
768 310 873 390 placet,
898 309 980 372 ferro
1006 329 1075 372 meo
1100 312 1198 385 venio,

128 399 191 460 sive
206 396 381 459 verberibus
403 403 543 458 contenta
560 414 602 468 os,
628 413 715 456 curro
743 396 841 458 nudus
868 395 904 470 ad
930 397 1092 459 dominam.
1126 397 1199 460 illud

127 502 226 546 unum
244 491 407 556 memento,
423 499 485 544 non
495 499 542 542 me
550 481 603 542 sed
611 481 810 544 instrumenta
824 500 972 562 peccasse.
1005 491 1125 563 paratus
1140 484 1198 544 mi-

129 571 173 632 les
189 589 273 632 arma
288 586 351 630 non
365 567 463 630 habui.
498 567 564 647 quis
579 567 636 629 hoe
650 565 826 641 turbaverit,
841 569 953 630 neseio.
988 568 1112 631 forsitan
1132 569 1198 632 ani-

94 672 110 721 5
129 675 199 718 mus
214 654 375 717 antecessit
390 653 522 733 corporis
537 671 664 726 moram,
679 653 805 716 forsitan
817 654 889 716 dum
902 654 1002 716 omnia
1010 655 1198 736 concupisco,

130 743 313 822 voluptatem
327 747 463 819 tempore
478 739 661 819 consumpsi.
694 756 756 801 non
771 739 901 813 invenio,
918 741 999 820 quod
1012 740 1078 802 leci.
1112 761 1200 823 para-

128 827 209 908 lysin
222 835 327 889 tamen
342 844 446 889 cauere
460 824 560 887 iubes:
587 833 730 904 tanquam
753 843 787 887 ea
801 825 895 887 maior
915 825 979 887 fieri
994 827 1097 906 possit,
1124 845 1199 908 quae

130 913 256 976 abstulit
270 912 354 986 mihi,
377 929 432 992 per
446 911 526 991 quod
542 909 632 972 etiam
647 919 678 972 te
692 911 802 973 habere
817 911 911 991 potui.
954 929 1073 974 summa
1095 920 1199 974 tamen

130 999 333 1062 excusationis
347 1016 431 1060 meae
441 997 580 1059 haeoest:
603 995 725 1077 placebo
732 995 797 1069 tibi,
813 997 839 1060 si
850 1017 900 1060 me
911 997 1028 1079 eulpam
1040 1000 1200 1062 emendare

81 1097 113 1148 10
131 1083 318 1167 permiseris’
819 1103 822 1110 ·

653 1193 672 1230 li

92 1265 112 1320 L
215 1258 220 1342 Ι
243 1260 365 1322 dimissa
381 1275 450 1320 oum
466 1257 614 1319 eiusmodi
627 1255 841 1337 pollicitatione
856 1257 996 1340 Chryside
1017 1259 1117 1321 curaui
1132 1258 1199 1322 dili-

130 1347 252 1430 gentius
277 1343 519 1409 noxiosissimum
545 1361 667 1422 corpus,
700 1343 868 1424 balneoque
894 1345 1056 1424 praeterito
1085 1346 1201 1408 modica

130 1434 274 1500 unctione
290 1450 372 1503 usus,
389 1448 460 1491 mox
474 1429 546 1491 cibis
562 1427 750 1490 validioribus
765 1437 877 1509 pastus,
892 1431 922 1492 id
937 1440 984 1492 est
998 1431 1096 1493 bulbis
1111 1433 1199 1493 coch-

130 1524 306 1598 learumque
320 1517 386 1578 sine
402 1516 466 1578 iure
481 1515 652 1588 cervicibus,
668 1514 754 1576 hausi
770 1515 886 1595 parcius
899 1535 1026 1578 merum.
1049 1517 1120 1578 hino
1131 1526 1201 1580 ante

83 1614 114 1663 15
132 1623 277 1670 somnum
292 1601 439 1666 levissima
453 1600 652 1664 ambulatione
667 1600 849 1680 compositus
871 1601 936 1662 sine
951 1601 1060 1664 Gitone
1076 1603 1199 1665 cubicu-

130 1696 195 1756 lum
222 1689 340 1752 intravi.
371 1694 454 1749 tanta
480 1694 542 1748 erat
568 1686 704 1766 placandi
720 1704 798 1758 cura,
825 1695 858 1747 ut
879 1686 1028 1762 timerem,
1056 1707 1095 1749 ne
1121 1688 1198 1751 latus

131 1795 235 1842 meum
252 1776 342 1838 frater
356 1772 545 1835 convelleret.
579 1773 772 1852 pomerolis,
788 1790 856 1833 eum
868 1773 933 1834 sine
945 1774 1056 1834 offensa
1068 1773 1201 1854 eorporis
1212 1775 1269 1837 131

131 1862 286 1942 animique
297 1858 561 1930 consurrexissem,
579 1857 612 1918 in
624 1857 753 1918 eundem
771 1859 930 1936 platanona
946 1857 1096 1931 descendi,
1112 1858 1200 1921 etiam

135 1951 161 2012 si
176 1951 277 2012 locum
290 1945 509 2025 inauspicatum
524 1942 677 2014 timebam,
702 1944 845 2024 coepique
860 1944 940 2005 inter
955 1943 1078 2007 arbores
1094 1946 1200 2008 ducem

81 2043 114 2094 20
131 2034 251 2098 itineris
278 2039 433 2113 expectare
454 2029 636 2110 Chrysidem.
671 2047 726 2090 nee
751 2029 802 2090 diu
827 2029 972 2109 spatiatus
999 2032 1202 2104 consederam,

132 2121 183 2184 ubi
198 2122 343 2183 hesterno
359 2116 408 2178 die
423 2115 549 2188 ineram,
566 2133 634 2178 cum
650 2113 698 2176 illa
713 2114 873 2178 intervenit
893 2115 1031 2178 comitem
1053 2117 1200 2180 aniculam

130 2207 266 2270 trahens.
301 2210 390 2282 atque
406 2208 440 2264 ut
450 2219 499 2262 me
514 2199 717 2272 consalutauit,
733 2200 814 2282 ‘quid
826 2200 880 2263 est’
895 2201 994 2282 inquit
1005 2203 1135 2277 ‘fastose
1150 2223 1202 2265 ec-

132 2293 205 2374 quid
220 2291 336 2352 bonam
347 2294 480 2350 mentem
496 2286 606 2348 habere
622 2286 745 2366 coepisti
753 2283 778 2345 ‘l’

219 2377 268 2440 illa
284 2376 320 2436 de
336 2374 406 2436 sinu
420 2364 522 2436 licium
536 2372 660 2452 protulit
673 2372 747 2434 varii
761 2373 868 2434 eoloris
891 2372 947 2434 filis
967 2373 1112 2436 intortum
1136 2393 1202 2436 eer-

82 2474 113 2525 25
132 2465 289 2542 vicemque
303 2460 396 2522 vinxit
419 2477 526 2520 meam.
560 2477 629 2520 mox
649 2457 803 2518 turbatum
823 2465 913 2538 sputo
933 2458 1084 2537 pulverem
1102 2457 1201 2521 m'edic

131 2548 256 2614 sustulit
272 2546 362 2626 digito
377 2545 569 2624 frontemque
584 2543 774 2624 repugnantis
790 2543 917 2622 signavit

218 2725 277 2786 hoc
290 2730 411 2803 peracto
427 2720 557 2782 carmine
572 2726 619 2779 ter
638 2735 687 2778 me
701 2717 790 2778 iussit
811 2735 941 2798 expuere
961 2724 1068 2799 terque
1088 2719 1200 2798 lapillos

131 2811 271 2874 conicere
286 2809 318 2870 in
333 2807 442 2879 sinum,
468 2825 541 2885 quos
563 2805 626 2884 ipsa
647 2811 854 2882 praecantatos
876 2822 1008 2884 purpura
1029 2805 1199 2878 involverat,

132 2896 324 2974 admotisque
339 2891 477 2953 manibus
492 2898 609 2952 tentare
626 2889 723 2968 eoepit
734 2889 893 2968 inguinum
905 2889 992 2951 vires.
1025 2890 1102 2960 dicto
1115 2889 1200 2952 citius

82 2990 113 3040 at
132 2982 220 3046 nervi
235 2985 401 3061 paruerunt
416 2977 541 3057 imperio
557 2993 724 3056 manusque
741 2975 873 3037 aniculae
884 2975 996 3053 ingenti
1009 2983 1092 3038 motu
1103 2976 1201 3056 reple-

15 3081 16 3088 ’
131 3075 250 3132 verunt.
284 3073 314 3126 at
328 3064 376 3126 illa
387 3063 493 3142 gaudio
506 3062 640 3124 exultans
655 3060 756 3122 ‘vides'
771 3061 869 3141 inquit
885 3061 1010 3140 ‘Chrysis
1020 3081 1094 3135 mea,
1110 3061 1200 3131 vides,

133 3155 214 3238 quod
230 3152 295 3216 aliis
309 3152 443 3230 leporem
458 3144 612 3211 excitavi‘l'

652 3258 672 3294 ll
1046 3287 1049 3294 .

76 3328 120 3382 Lo
232 3321 237 3407 Ι
255 3322 360 3386 nobilis
375 3320 499 3384 aestivas
509 3319 647 3400 platanus
663 3317 820 3381 diffuderat
836 3316 957 3379 umbras

257 3417 286 3471 et
300 3407 381 3471 bacis
396 3405 534 3468 redimita
549 3405 672 3484 Daphne
686 3403 892 3484 tremulaeque
907 3421 1066 3484 cupressus

81 3520 115 3570 35
257 3502 288 3556 et
301 3493 414 3556 circum
429 3501 533 3553 tonsae
548 3490 709 3570 trepidanti
723 3489 833 3550 vertice
848 3487 947 3569 pinus.

257 3580 311 3643 has
325 3578 406 3640 inter
420 3578 540 3640 ludebat
555 3576 639 3657 aquis
650 3574 819 3638 errantibus
835 3575 931 3636 amnis

187 3791 199 3840 1
213 3784 347 3840 camierro
360 3784 457 3834 coca‘eca‘
468 3780 476 3850 ll
491 3739 690 3847 iterquamiam
703 3776 712 3846 ll
726 3779 742 3829 8
754 3777 832 3829 etiam
843 3794 891 3830 om.
903 3777 1086 3844 Scaligeranua
1098 3774 1107 3845 l
1123 3777 1201 3828 1510-

133 3855 238 3908 nissimu
253 3852 429 3906 aenaeum
441 3849 451 3918 l
466 3849 628 3916 lbplncandi]
641 3851 764 3910 mansum
776 3848 893 3914 corporis
906 3846 915 3916 ΙΙ
928 3846 1109 3900 21ἰιιῐοννοιιίι
1121 3849 1201 3915 epito-

131 3927 243 3978 matorr'a
256 3922 266 3991 ll
280 3922 474 3989 torquerent
485 3919 593 3971 Iahnius
605 3916 615 3986 ll
628 3917 660 3968 32
673 3932 744 3984 quam
756 3913 871 3970 Nodotua
