2860 4340
246 128 291 190 58
702 129 857 185 nunnoni}

249 289 358 363 posset,
376 284 475 362 siper
494 284 580 346 aliam
594 292 713 363 partem
732 285 815 348 naris
835 285 904 364 fuga
925 291 1135 366 quaereretur:
1158 302 1241 348 nnnc
1262 291 1351 366 pert

249 369 383 449 puppim,
394 387 453 449 sper
467 369 531 449 ipsa
544 370 956 449 ¹gaulterrneeuladelabendum
972 378 1026 443 est,
1047 390 1064 432 a
1084 390 1214 450 quornm
1236 372 1312 449 regi-

250 473 308 517 one
322 455 402 516 lunis
419 454 581 528 deseendit,
597 455 650 536 qui
661 457 789 536 scaphae
800 456 968 518 custodiam
981 463 1074 518 tenet.
1108 464 1262 536 praeterea
1276 458 1312 518 il-

249 540 300 601 lud
315 540 417 613 miror,
429 540 565 621 Encolpi,
581 541 635 602 tibi
650 561 712 604 non
725 541 919 614 succinuisse,
931 561 1030 604 «unum
1035 550 1165 604 ‘nautam
1177 542 1312 604 stationis

249 631 410 706 perpetuae
424 625 555 689 interdiu
570 634 719 706 noctuque
738 627 837 690 iecere
850 628 891 689 in
910 627 1028 707 respha,
1051 645 1107 690 neo
1134 646 1223 706 posse
1245 627 1314 688 inde
1330 639 1344 688 5

249 711 401 773 emtodem
419 711 477 772 nisi
499 719 550 774 aut
565 713 660 774 amede
675 712 779 792 expelli
800 719 852 774 aut
871 713 1060 793 praecipitari
1081 712 1204 774 unibus.
1234 714 1313 792 quod

249 815 289 858 an
310 796 376 858 lieri
397 796 499 876 possit,
522 797 708 876 interrogate
728 793 881 860 audaciam
902 805 1040 860 vernam.
1080 816 1151 860 uam
1173 800 1257 878 quod
1275 800 1311 859 ad
1403 799 1404 854 t

249 900 348 944 meum
378 881 498 962 quidem
521 882 694 945 comitatum
708 883 836 955 attinet,
863 883 979 946 nulium
1000 901 1111 946 recuso
1131 883 1313 964 periculum,

248 966 446 1046 quedsalutis
461 986 546 1048 spem
561 968 701 1032 ostendit.
731 987 801 1044 nam
822 968 888 1030 eine
904 985 993 1031 causa
1016 968 1154 1048 [quidem]
1176 969 1313 1048 spiritum

248 1060 389 1132 tauquam
405 1071 468 1114 rem
483 1071 605 1116 vacuam
620 1053 795 1134 impendere
815 1071 855 1116 ue
876 1073 929 1116 ros
944 1053 1065 1134 quidem
1081 1054 1216 1116 existimo
1231 1055 1313 1118 uelle.
1332 1067 1362 1117 to

248 1137 355 1211 videte,
366 1138 518 1217 'numquid
534 1140 593 1202 hoo
606 1140 735 1220 placeat:
752 1157 806 1218 ego
817 1158 869 1200 vos
884 1139 916 1200 in
932 1140 1006 1201 duas
1021 1139 1081 1200 iem
1092 1140 1187 1218 „pelles
1200 1139 1312 1202 eoniu-

249 1241 297 1286 am
312 1223 488 1303 electosque
502 1225 574 1286 loris
589 1225 669 1288 inter
683 1225 861 1288 restituente
875 1241 930 1304 pro
944 1224 1070 1286 sermnis
1085 1225 1211 1299 habebo,
1226 1243 1312 1304 aper·

247 1308 285 1370 tis
301 1308 413 1370 scilicet
428 1308 614 1388 aliquatenus
630 1309 728 1384 labris,
745 1309 854 1390 quihus
871 1319 900 1371 et
915 1309 1054 1390 spiritum
1070 1310 1202 1390 recipere
1214 1310 1314 1391 possi·

247 1393 287 1454 tis
301 1400 332 1456 et
342 1393 455 1456 eiham.
484 1395 676 1458 conclamato
688 1396 800 1458 deiude
817 1403 905 1460 nocte
921 1413 1024 1458 servos
1046 1413 1174 1476 poenam
1191 1396 1314 1476 ,gravio-

247 1499 313 1541 rem
328 1479 475 1542 ›timentes
488 1481 702 1562 'praecipitasse
722 1501 755 1550 ,se
775 1482 806 1543 in
829 1501 940 1544 mareu
965 1481 1073 1544 deinde
1100 1501 1169 1544 cum
1189 1489 1313 1544 rentum
1333 1494 1363 1544 15

246 1565 383 1627 fueritin
399 1573 529 1645 portum,
546 1567 611 1630 sine
622 1568 684 1629 ulla
697 1566 940 1648 suspicionepro
955 1567 1080 1630 sarcinis
1102 1585 1153 1628 ros
1169 1567 1312 1630 efferam!

246 1649 389 1712 ‘itauero'
407 1651 532 1732 inquam
548 1671 601 1732 ego
618 1659 771 1733 ‘tanquam
794 1653 903 1714 solidos
922 1653 1105 1730 alligaturus,
1128 1651 1236 1732 quibus
1250 1671 1314 1716 nnn

245 1737 338 1798 soleat
346 1743 450 1798 venter
462 1737 601 1802 iniuriam
614 1739 720 1811 lacere,
737 1755 774 1800 an
786 1746 929 1819 tanquam
942 1757 993 1800 eos
1006 1737 1056 1817 qui
1068 1745 1239 1800 sternutare
1250 1755 1314 1800 non

244 1822 393 1884 soleamus
408 1840 465 1884 nec
480 1821 628 1888 stertere?
641 1843 681 1886 an
696 1823 765 1905 quia
781 1825 942 1905 hecgenus
958 1823 1031 1886 iurti
1046 1824 1139 1886 semel
1158 1825 1243 1902 [mea]
1265 1825 1312 1886 fe-

242 1907 338 1971 liciter
348 1905 466 1968 cessit?
489 1909 542 1970 sed
556 1911 709 1989 fingenda
726 1910 774 1970 die
784 1910 898 1972 uinctos
906 1927 995 1990 posse
1007 1909 1129 1972 durare:
1146 1909 1219 1989 qnid
1231 1927 1311 1988 ergo,
1331 1925 1364 1976 to

242 1993 267 2054 si
284 1993 394 2055 diutius
409 1999 460 2054 eut
471 1994 672 2074 tranquillitas
694 2007 750 2056 nos
764 1995 896 2057 tenuerit
911 2001 963 2057 aut
983 1993 1106 2058 adverse
1121 1991 1312 2075 tempestas?
1403 2051 1404 2074 1

243 2077 313 2159 qnid
328 2076 435 2140 facturi
451 2077 580 2141 sumus?
602 2089 699 2142 restes
715 2096 834 2160 quoque
845 2080 958 2142 diutius
977 2079 1091 2142 unctas
1113 2099 1185 2160 ruga
1201 2099 1312 2142 consu·
1403 2075 1404 2100 ¹

243 2164 307 2238 mit,
324 2170 355 2225 et
370 2163 487 2228 chartae
504 2164 636 2244 alligatae
652 2165 920 2246 mutantfiguram.
950 2165 1074 2228 iuvenes
1089 2166 1186 2228 adhuc
1199 2165 1311 2228 laboris

242 2257 378 2329 expertes
392 2256 560 2312 statuarum
575 2251 636 2312 ritu
647 2251 798 2331 patiemur
813 2269 929 2331 pannos
945 2262 975 2313 et
990 2248 1116 2314 sinuat?

774 2354 794 2391 'li

329 2419 435 2482 ‘adhue
450 2419 568 2500 aliquod
583 2421 640 2483 iter
650 2421 754 2484 salutis
766 2421 970 2502 quaerendum
983 2428 1036 2484 est.
1069 2421 1217 2502 inspicite,
1230 2421 1311 2502 quod
1331 2433 1363 2484 33

244 2522 297 2584 ego
313 2505 423 2568 inveni.
451 2505 617 2586 Eumolpus
632 2507 936 2588 tanquamliterarum
952 2507 1104 2570 studiosus
1118 2507 1312 2586 utiqueatra·

243 2599 378 2654 mentum
401 2591 499 2653 hahet.
530 2593 587 2654 hoc
613 2610 682 2672 ergo
702 2593 835 2656 remedio
858 2601 1008 2654 mutemus
1030 2593 1145 2654 colores
1165 2610 1182 2653 a
1199 2593 1313 2672 capillis

242 2696 337 2758 usque
352 2676 389 2738 ad
410 2693 535 2755 ungues.
569 2677 610 2740 ita
628 2686 770 2758 tanquam
791 2677 867 2740 servi
888 2678 1049 2758 Aethiopes
1073 2685 1102 2740 et
1117 2684 1234 2757 praesto
1256 2678 1313 2739 tibi

242 2762 355 2824 erimus
370 2761 436 2823 sine
457 2768 675 2824 tormentorum
696 2763 805 2826 iniuria
825 2763 943 2842 hilares,
971 2771 1001 2825 et
1022 2769 1189 2842 permutato
1211 2763 1313 2826 colore
1343 2805 1347 2814 1

242 2847 432 2926 imponemus
447 2846 594 2908 inimicis)
628 2846 773 2928 ‘quidni‘l’
795 2846 893 2928 inquit
907 2849 996 2910 Giton
1018 2849 1117 2910 ‘etiam
1132 2847 1312 2910 cucumula
1332 2857 1364 2908 3ο

243 2951 307 3006 nos,
319 2939 354 2994 ut
361 2931 463 2994 Iudaei
470 2931 632 3005 videamur,
644 2942 674 2994 et
681 2933 826 3012 pertunde
834 2951 931 3007 aures,
941 2933 1135 2996 utimitemur
1142 2932 1264 3006 Arabes,
1280 2941 1313 2995 et

241 3018 354 3081 increta
367 3017 469 3090 iacies,
489 3025 523 3077 nt
536 3035 607 3078 sues
623 3016 713 3080 Gallia
728 3020 806 3080 cives
821 3026 922 3099 putet:
946 3025 1088 3099 tanquam
1104 3018 1152 3080 hie
1164 3019 1246 3082 solus
1258 3037 1311 3080 oo-

240 3101 1313 3184 lmdigurampossitperrertereetnonmultannaoporteatoonsentiant

242 3187 866 3266 [elnon]ratione,utmendnciumconstet.
882 3199 952 3270 puta
960 3189 1102 3252 iniectam
1111 3188 1311 3252 medicamine

239 3275 347 3338 laniem
361 3272 473 3336 diutius
482 3273 589 3336 durare
596 3292 703 3354 posse3
723 3275 965 3355 fingeneeaquae
981 3275 1166 3355 asperginem
1183 3274 1310 3353 imposi-
1332 3284 1364 3332 35

240 3369 337 3422 turam
353 3360 483 3440 aliquam
498 3360 616 3438 corpori
629 3360 786 3432 maculam,
807 3359 864 3424 nec
884 3369 996 3424 vestem
1016 3367 1184 3430 atramento
1200 3360 1314 3422 adlrae·

240 3463 352 3520 eurem,
368 3443 448 3526 qnod
462 3445 739 3524 frequenter-etiarn
751 3463 814 3508 nou
828 3445 972 3516 nooersito
981 3446 1147 3508 ferrumine
1158 3445 1312 3524 infigitur:

240 3531 310 3610 age,
336 3529 483 3610 numquid
510 3536 541 3590 et
561 3529 643 3594 labra
655 3549 824 3610 possumus
844 3539 963 3594 tumore
984 3530 1138 3596 teterrimo
1161 3528 1314 3610 implere?

230 3616 388 3697 'numquid
403 3624 432 3677 et
449 3613 547 3678 crines
569 3615 735 3680 calamistro
757 3614 955 3680 convertere?
982 3615 1128 3698 numquid
1151 3622 1180 3677 et
1194 3615 1314 3680 frontes

291 3823 307 3872 3
319 3821 482 3874 rendendum
494 3824 611 3888 seaplrsrn
622 3832 692 3876 teret
704 3823 714 3892 ll
728 3825 759 3878 19
772 3823 889 3878 Menelao
901 3824 1014 3876 feliciter
1022 3823 1130 3876 latriae
1142 3821 1152 3890 ll
1165 3823 1197 3876 30
1207 3825 1269 3890 quid
1283 3832 1313 3878 tn

242 3887 415 3942 Termestinae
427 3887 436 3958 ss
450 3891 483 3942 34
501 3890 603 3943 natione
615 3888 626 3959 ss
639 3891 671 3942 37
684 3909 747 3960 quae
760 3898 784 3946 et
794 3893 908 3946 inficitur
920 3891 1076 3946 nocerem
