2864 4344
573 123 746 195 ‚sarman
773 45 791 92 ⁰
1164 131 1203 192 4¹

87 289 113 340 Η
223 301 281 344 nec
294 301 356 344 nou
370 280 549 344 Trimalchio
570 281 635 361 ipso
654 299 722 342 eum
738 279 883 342 tubicines
903 291 981 344 esset
1002 281 1146 357 imitatus,
1169 286 1205 348 ad

22 397 23 420 1
129 367 256 432 delicias
277 386 348 429 suas
365 367 507 448 respexit,
528 385 618 448 quem
640 366 784 428 (horsum
805 367 977 446 appellabat.
1010 387 1086 449 puer
1104 377 1204 432 antem

22 477 23 528 1
127 455 244 534 lippus,
260 452 475 516 sordidissimis
491 452 639 524 dentibus,
656 451 791 514 catellam
803 452 917 531 nigram
934 461 1021 534 atque
1032 454 1206 518 indecenter
1264 461 1269 470 '

128 539 276 620 pinguem
290 539 410 618 prasina
425 517 595 600 involvebat
609 536 700 599 fascia
721 554 890 618 panemque
905 557 1056 602 semesum
1075 543 1205 620 ponebat

94 640 225 705 {isuper
239 633 340 686 torum
354 633 444 703 atque
466 625 539 701 [hac]
561 642 673 685 nausea
684 627 874 685 recusantem
885 625 1045 704 saginabat.
1081 628 1205 706 quoad-

129 711 268 772 monitus
291 709 381 771 officii
405 709 583 772 Trimalchio
606 707 756 789 Scylacem
776 709 864 770 iussit
885 710 993 772 adduci
1013 713 1204 791 ‘praesidinm

56 823 59 829 ·
128 797 243 858 domus
263 794 473 876 familiaeque!
511 811 682 868 noemam,
703 794 834 874 ingentis
855 798 969 858 formae
990 797 1135 860 adductus
1158 807 1205 860 est

129 881 216 944 canis
235 887 340 944 catena
362 879 489 959 vinctus,
512 879 745 960 admonitusque
765 880 878 943 ostiarii
898 882 991 955 calce,
1016 891 1050 944 ut
1072 885 1203 958 cubaret,
1276 945 1280 952 .

129 975 205 1028 ante
222 983 358 1028 mensam
375 965 530 1047 seposuit.
573 976 638 1028 tum
654 965 831 1028 Trimalchio
847 967 959 1028 iactans
974 967 1135 1030 candidum
1150 989 1204 1049 pa-

82 1070 111 1121 10
130 1069 207 1114 nem
229 1051 339 1114 ‘nemo’
356 1051 455 1133 inquit
477 1052 519 1114 ‘in
541 1052 632 1113 domo
655 1070 721 1113 mea
743 1071 792 1113 me
812 1051 879 1131 plus
903 1053 1000 1115 amat'
1033 1053 1204 1133 ihdignatus

129 1156 219 1217 puer,
235 1138 314 1217 quod
331 1137 481 1216 Scylacem
495 1145 557 1199 tam
573 1137 666 1198 effuse
677 1137 822 1208 laudaret,
838 1138 970 1200 catellam
982 1138 1014 1200 in
1026 1147 1138 1202 terram
1151 1141 1205 1202 de·

64 1239 67 1246 ’
130 1223 237 1304 posuit
251 1224 447 1304 hortatusque
462 1234 511 1295 est,
527 1230 562 1284 ut
577 1223 614 1283 ad
628 1223 724 1284 rixam
738 1232 923 1303 properaret.
969 1225 1080 1304 Scylax,
1096 1227 1203 1288 canino

132 1308 248 1372 scilicet
263 1328 335 1371 usus
349 1309 478 1388 ingenio,
499 1307 655 1371 teterrimo
669 1308 779 1370 latratu
800 1309 963 1372 triclinium
978 1311 1112 1391 implevit
1125 1310 1204 1374 llar-

131 1395 320 1475 garitamque
341 1395 444 1456 Croesi
462 1411 557 1474 paene
580 1393 727 1455 laceravit.
759 1411 816 1457 nec
835 1394 912 1456 intra
938 1396 1034 1457 rixam
1057 1399 1204 1460 turnultus

86 1494 115 1546 15
133 1479 279 1552 constitit,
295 1480 347 1542 sed
364 1480 575 1542 candelabrum
593 1479 681 1541 etiarn
696 1498 786 1559 super
801 1497 938 1543 mensam
955 1501 1092 1544 eversum
1109 1493 1139 1545 ot
1153 1503 1204 1546 va-

132 1585 165 1627 sa
182 1565 284 1627 omnia
300 1567 466 1646 crystallina
482 1563 659 1628 comminuit
675 1573 705 1626 et
721 1567 786 1627 oleo
802 1567 927 1628 ferventi
943 1567 1054 1648 aliquot
1067 1570 1204 1631 convivas

134 1651 289 1731 respersit.
323 1651 504 1713 Trimalchio
520 1668 558 1713 ue
573 1649 723 1712 videretur
737 1651 850 1714 iactura
866 1659 974 1723 motos,
990 1654 1114 1716 basiavit
1129 1673 1206 1733 pue-

133 1755 203 1799 rum
215 1755 250 1798 ao
264 1736 353 1799 iussit
366 1756 458 1818 super
474 1738 596 1798 dorsum
613 1736 888 1798 ascendere'suum.
920 1755 984 1799 non
1005 1747 1137 1801 moratus
1156 1740 1205 1801 ille

134 1841 211 1884 usus
226 1833 269 1884 est
283 1840 360 1902 equo
375 1839 527 1902 manuque
541 1822 628 1901 plena
649 1823 783 1901 scapulas
803 1823 866 1884 eius
881 1823 1008 1885 subinde
1030 1824 1204 1900 verberavit,

22 1883 24 1966 l
86 1927 117 1978 20
134 1908 275 1987 interque
289 1907 384 1970 risum
397 1907 604 1988 proclamavit:
626 1906 738 1980 bucca,
753 1908 856 1982 bucca,
877 1917 951 1988 quot
964 1918 1036 1972 sont
1050 1909 1130 1972 hiot’
1157 1928 1206 1972 re-

22 1969 24 2058 l
133 2011 257 2092 pressus
278 2011 348 2072 ergo
369 1993 552 2074 aliquamdiu
573 1992 752 2056 Trimalchio
779 1995 930 2058 camellam
958 1996 1099 2074 grandem
1120 1996 1206 2112 ipssit

22 2131 23 2136 ,
134 2097 254 2141 misceri
365 2095 369 2106 ·

134 2165 272 2246 potiones
289 2164 379 2227 dividi
395 2163 536 2227 omnibus
552 2163 652 2237 servis,
676 2165 728 2244 qui
748 2166 784 2227 ad
806 2165 899 2246 pedes
921 2167 1074 2240 sedebant,
1093 2168 1206 2231 adiecta

23 2323 24 2340 χ
134 2251 326 2331 exceptione:
343 2250 378 2312 ‘si
390 2249 465 2330 quis'
478 2248 576 2330 inquit
588 2250 731 2312 ‘noluerit
742 2253 883 2332 accipere,
900 2253 1036 2334 caputilli
1048 2257 1204 2334 pertunde.

88 2349 117 2401 ²5
134 2336 264 2399 interdiu
275 2355 390 2410 severa,
405 2352 488 2399 nunc
502 2332 623 2397 hilaria.’

23 2345 26 2504 l
223 2422 300 2484 bane
314 2422 538 2484 humanitatem
551 2422 702 2483 insecutae
722 2431 794 2483 sont
812 2431 950 2496 matteas,
971 2442 1098 2504 quarum
1120 2426 1207 2488 etiam
1220 2431 1261 2492 65

136 2508 304 2571 recordatio
322 2528 379 2581 me,
400 2507 498 2586 siqua
518 2503 564 2569 e'st
579 2507 689 2569 dicenti
703 2508 787 2580 fides,
804 2508 937 2570 offendit.
972 2509 1104 2588 singulae
1126 2514 1205 2574 enirn
1251 2527 1254 2534 ·

136 2594 259 2673 gallinae
275 2595 369 2656 altiles
383 2612 438 2673 pro
454 2592 550 2660 turdis
566 2592 752 2656 circumlatae
767 2601 840 2654 sunt
854 2602 884 2656 ot
898 2613 952 2655 ova
968 2596 1107 2657 anserina
1121 2597 1205 2677 pille-

136 2688 192 2752 ata,
214 2699 292 2760 quae
311 2687 345 2740 ut
373 2696 593 2752 cumessemus,
617 2677 856 2741 ambitiosissime
883 2679 1007 2742 anobis
1029 2680 1207 2745 Trimalchio

89 2783 118 2834 ao
136 2764 221 2846 petiit
238 2765 344 2827 dicens
360 2771 510 2826 exossatas
533 2783 598 2825 esse
613 2763 744 2842 gallinas.
778 2765 858 2827 inter
877 2766 951 2828 haec
971 2765 1091 2828 triclinii
1111 2769 1206 2830 valvas

136 2853 221 2914 lictor
243 2850 400 2930 percussit,
422 2849 607 2928 amictusque
622 2856 705 2910 veste
726 2849 791 2912 alba
814 2870 880 2913 omn
900 2851 1014 2930 ingenti
1037 2854 1206 2933 hequentia

136 2936 309 2999 comissator
324 2935 456 2996 intravit.
491 2952 546 3013 ego
562 2935 716 2998 maiestate
736 2937 916 2998 conterritus
931 2943 1101 3016 praetorem
1117 2949 1204 3019 puta-

24 3079 25 3114 *
136 3023 201 3084 bam
217 3022 346 3084 venisse.
380 3022 480 3100 itaque
495 3020 606 3084 tentavi
623 3039 779 3100 assurgere
794 3030 825 3082 et
836 3021 933 3082 nudos
945 3023 1037 3102 pedes
1048 3023 1081 3085 in
1093 3031 1205 3086 terram

24 3157 25 3182 ,
137 3108 260 3169 deferre.
298 3107 365 3169 risit
384 3108 462 3169 hano
483 3105 713 3185 trepidationem
735 3108 941 3186 Agamemnon
970 3117 1000 3169 et
1020 3109 1150 3170 ‘contine
1165 3110 1205 3171 te'
1251 3177 1256 3186 ,

24 3189 25 3218 ³
92 3213 120 3264 35
137 3193 233 3273 inquit
248 3192 348 3254 ‘horno
363 3191 549 3254 stultissime.
588 3190 741 3253 Habinnas
763 3193 840 3253 sevir
863 3201 909 3254 est
923 3192 1062 3272 idemque
1093 3194 1205 3275 lapida-

137 3279 204 3352 rius,
217 3278 271 3360 qui
288 3278 404 3339 videtur
415 3285 610 3339 monumenta
626 3277 738 3356 optime
754 3275 871 3340 lacere!

218 3371 372 3426 recreatus
386 3364 444 3424 hoe
458 3380 599 3425 sermone
615 3363 735 3442 reposui
751 3363 895 3437 cubitum,
912 3361 1141 3443 Habinnamque
1156 3364 1204 3426 in-

138 3455 264 3510 trantem
285 3469 354 3511 cum
376 3449 572 3511 admiratione
591 3448 705 3528 ingenti
735 3448 915 3529 spectabam.
958 3447 1006 3508 ille
1026 3455 1125 3510 autern
1144 3449 1203 3512 iam

120 3534 237 3636 'obrius
252 3534 353 3597 uxoris
369 3553 440 3598 suae
455 3533 566 3597 umeris
581 3533 763 3615 imposuerat
784 3552 902 3607 manus,
924 3535 1127 3614 oneratusque
1148 3535 1204 3596 ali-

202 3753 372 3805 laemiasem.
385 3757 496 3806 cetarum
508 3755 568 3804 boec
577 3756 688 3820 gratim
701 3754 807 3804 turbato
814 3757 884 3822 poto,
897 3755 944 3805 hac
957 3757 1107 3821 correptum
1119 3771 1152 3805 w
1165 3755 1206 3805 120

139 3819 285 3941 νῃὶἓθὲἒῗέξο
299 3819 308 3889 ΙΙ
323 3823 353 3873 ῃ
366 3822 471 3874 mimi
484 3829 511 3874 ⁶²
522 3824 638 3889 P⁰liones
654 3823 790 3872 Anicetus.
815 3837 902 3875 vocor
918 3841 949 3874 na
967 3820 1044 3889 pharo
1056 3821 1138 3874 derint
1151 3821 1160 3889 ll
1174 3821 1205 3873 36
