2860 4340
600 121 744 178 Pellena

626 278 704 342 Vllll

242 389 300 450 Cur
316 386 442 448 obscena
458 382 532 444 mihi
545 401 613 463 pars
629 382 668 443 sit
683 381 747 442 sine
763 389 855 458 reste,
870 381 1012 462 requiris:

285 489 404 552 quaere,
421 477 499 550 tegat
514 469 612 529 nullus
627 486 749 534 corsua
766 467 851 547 signa
866 468 950 529 deus.
1100 465 1104 471 '

242 558 356 619 fulmen
371 556 462 617 habet
478 554 583 634 mnndi
599 553 747 623 dominus,
764 560 848 615 tenet
863 554 935 614 illud
951 561 1067 635 aperte3

286 661 342 704 nec
357 642 445 704 datur
461 657 608 721 aequoreo
623 639 738 700 fuscina
754 647 832 700 tecta
848 639 912 701 deo.

244 747 300 791 nec
314 727 429 790 Mavors
444 727 535 794 illum,
551 743 708 805 perquem
725 726 810 795 valet,
827 725 933 787 occulit
949 745 1068 802 ensem,
1152 740 1167 790 t

287 834 344 876 nec
357 815 428 874 latet
443 813 475 873 in
490 811 589 890 tepido
605 810 729 872 Palladis
745 811 828 872 hasta
844 810 921 872 sinu.

244 919 317 963 num
333 899 424 978 pudet
439 906 555 959 auratas
570 896 726 958 Phoebum
740 907 859 976 portare
876 895 1021 976 sagittas?

286 986 401 1058 clamne
416 985 493 1045 solet
507 983 676 1062 pharetram
692 982 771 1044 ferre
784 983 875 1043 Diana
891 979 999 1060 suam?

129 1120 132 1126 .
245 1089 318 1133 num
334 1069 407 1149 tegit
422 1069 537 1130 Alcides
553 1065 685 1130 nodosae
699 1068 805 1129 robora
822 1066 940 1130 clavae?

290 1155 346 1217 sub
361 1155 460 1216 tunica
478 1154 588 1234 virgam
601 1171 674 1215 num
691 1154 765 1215 deus
781 1154 840 1216 ales
855 1152 967 1233 habet?
1138 1170 1170 1221 10

252 1241 319 1322 quis
333 1242 483 1303 Bacchum
494 1239 594 1320 gracili
609 1249 722 1301 vestem
738 1241 933 1320 praetendere
948 1243 1060 1323 thyrso,

294 1327 361 1407 quis
377 1336 407 1388 te
423 1327 514 1388 celata
531 1343 598 1387 cnm
615 1326 678 1388 lace
690 1325 772 1394 vidit,
789 1323 904 1388 Amor?

251 1412 387 1476 necmihi
396 1413 435 1475 sit
443 1412 567 1483 crimen,
577 1411 656 1492 quod
664 1413 795 1473 mentula
806 1431 924 1492 semper
935 1421 1036 1494 aperta
1044 1421 1103 1475 est:

292 1499 349 1561 hoc
364 1498 439 1562 milri
453 1498 478 1559 si
492 1499 587 1560 telum
603 1497 687 1571 desit,
701 1497 825 1559 inermis
841 1516 903 1560 ero.

657 1683 684 1746 X

244 1788 443 1852 insulsissima
460 1787 529 1866 quid
547 1788 642 1867 puella
656 1785 759 1850 rides?

245 1894 306 1937 non
322 1893 371 1935 me
385 1875 545 1935 Praxiteles
562 1873 707 1952 Scopasve
719 1874 796 1946 lecit,

244 1980 299 2022 nec
313 1979 381 2022 sum
396 1959 533 2021 Phidiaca
548 1977 640 2020 mauu
654 1960 779 2041 politus,

243 2047 297 2108 sed
312 2043 425 2126 liguum
442 2046 517 2107 rude
533 2044 636 2106 vilicus
647 2046 768 2121 dolavit,

246 2139 276 2194 et
290 2132 363 2193 dixit
377 2131 465 2193 mihi:
482 2138 525 2192 ‘tu
541 2131 664 2212 Priapus
680 2131 764 2194 esto‘.

247 2225 362 2298 spectas
379 2236 427 2280 me
443 2217 545 2279 tainen
560 2224 591 2278 et
605 2218 733 2280 subinde
747 2218 827 2281 rides
837 2237 858 2280 :¹

247 2303 389 2374 nimirum
404 2302 458 2364 tibi
473 2303 548 2365 salsa
563 2321 612 2365 res
627 2303 746 2365 videtur

245 2390 366 2451 adstans
380 2387 554 2468 inguinibus
570 2389 707 2452 columna
724 2389 846 2451 nostris.
893 2451 902 2466 ,

648 2579 689 2642 Xl

244 2685 289 2747 Ne
304 2686 458 2764 prendere,
476 2704 555 2746 cave.
589 2701 701 2764 prenso
717 2702 773 2746 nec
785 2684 863 2745 iuste
875 2684 998 2760 nocebo,

287 2789 375 2832 saeva
390 2789 446 2832 nec
461 2770 583 2832 incurva
599 2772 722 2832 vulnera
738 2770 812 2832 lalce
828 2771 921 2832 dabo:

244 2857 385 2921 traiectus
401 2863 489 2918 conto
506 2857 549 2919 sic
564 2858 726 2918 extendere
741 2855 847 2936 pedali,
930 2873 935 2884 ’

288 2951 321 3003 ut
333 2944 434 3005 culum
449 2960 538 3021 rugas
554 2960 616 3004 non
628 2942 889 3026 habuisse‘putes.'

645 3130 699 3192 XII

244 3233 395 3308 Quaedam
409 3234 508 3296 iunior
518 3233 652 3296 Hectoris
664 3243 797 3316 parente,
830 3313 832 3318 ,

245 3320 392 3381 Cumaeae
407 3339 503 3391 soror,
519 3328 650 3400 utputo,
675 3320 811 3400 Sibyllae,

244 3405 376 3486 aequalis
391 3405 454 3480 tibi,
470 3425 559 3486 quam
576 3407 696 3467 domum
713 3413 867 3490 revertens

245 3492 378 3552 Theseus
393 3491 527 3571 repperit
541 3489 659 3571 in'r'ogo
675 3492 831 3566 iacentem,

244 3575 365 3638 infirmo
380 3578 455 3639 solet
471 3578 529 3640 huc
541 3577 635 3658 gradu
650 3577 752 3639 venire

243 3681 423 3742 rugosasque
435 3681 542 3725 manus
558 3663 593 3725 ad
609 3673 687 3725 astra
702 3663 820 3737 tollens,

204 3883 271 3938 Vllll
284 3885 298 3934 2
312 3899 405 3951 quaero
419 3883 428 3952 l
442 3883 478 3934 Xl
492 3884 503 3933 l
517 3898 638 3948 prensare
651 3881 660 3952 l
673 3881 722 3934 xli
737 3883 748 3934 1
763 3884 864 3952 turpior
875 3884 983 3934 labaim
