2838 4348
276 1240 361 1291 Cicero
373 1238 579 1291 academicorum
589 1243 655 1307 post.
667 1239 684 1290 I
694 1240 710 1288 8
721 1242 748 1290 in
756 1207 1021 1307 perrona,¹Vorronr's:
1040 1242 1066 1292 in
1075 1242 1131 1294 illis
1142 1245 1273 1295 veteribus
1293 1269 1298 1276 ·

208 1322 314 1386 nostris,
332 1337 396 1387 quae
408 1320 550 1386 Menippum
563 1320 665 1385 imitati,
682 1337 731 1371 non
750 1321 924 1388 interpretati,
943 1325 1047 1388 quadam
1064 1325 1198 1376 hilaritate
1213 1343 1275 1377 eon-

207 1403 352 1470 spensimus,
371 1418 419 1468 quo
436 1401 538 1452 facilius
554 1401 636 1452 minus
654 1403 723 1453 doeti
743 1399 925 1467 intellegerent
941 1404 1101 1474 iucunditate
1118 1409 1223 1471 quadam
1241 1407 1273 1457 ad

206 1485 339 1549 legendum
351 1483 466 1547 invitati,
478 1483 559 1534 multa
571 1483 685 1538 admixta
697 1497 729 1536 es
741 1483 829 1534 intimo
847 1485 1015 1552 philosophia,
1032 1487 1113 1536 multa
1131 1488 1201 1539 dieta
1219 1489 1274 1539 dia-

205 1567 305 1617 leetiee.
335 1564 426 1616 deinde
436 1568 464 1615 in
474 1581 524 1616 rua
534 1581 645 1633 persona
659 1563 803 1616 Varronem
814 1565 949 1617 adlevatas
960 1566 990 1617 9:
1010 1568 1194 1635 plurimumque
1206 1570 1273 1620 idem

205 1649 287 1715 poetis
300 1649 397 1700 nostris
411 1647 559 1714 omninoque
572 1647 661 1698 latinis
673 1654 700 1697 et
711 1648 798 1724 literis,
808 1647 911 1697 luminis
928 1655 954 1698 et
966 1648 1054 1699 vorbis
1067 1649 1183 1700 attulisti
1196 1657 1272 1716 atque

204 1732 259 1796 ipse
277 1731 375 1783 varium
388 1738 414 1781 et
431 1731 532 1792 elegans
549 1730 615 1780 omni
636 1727 690 1780 fere
709 1743 809 1779 numero
831 1744 919 1794 poema
936 1727 1023 1779 fecisti
1039 1729 1273 1796 philosophiamque

204 1813 292 1864 multis
305 1813 370 1863 loeis
382 1811 516 1875 inehoasti,
530 1813 562 1862 ad
574 1811 750 1878 impellendum
763 1811 836 1876 satis,
849 1811 880 1861 ad
893 1811 1047 1862 eioeendum
1060 1827 1155 1877 parum.

274 1893 449 1958 Quintilianus
461 1893 628 1942 institutionis
639 1897 701 1942 erat.
713 1888 739 1942 ll
749 1893 773 1954 1,
785 1891 830 1941 95:
848 1893 957 1942 alterum
975 1891 1044 1942 illudv
1054 1893 1131 1943 etiam
1143 1893 1217 1958 prius
1231 1908 1272 1943 sa-

203 1982 277 2026 turae
288 1987 368 2039 genus
382 1975 424 2025 sed
437 1990 486 2023 non
504 1974 559 2024 sola
575 1974 714 2024 carminum
731 1974 859 2025 varietate
875 1973 981 2024 mixtum
1000 1973 1115 2025 condidit
1131 1974 1271 2025 Terentius

202 2056 296 2119 Varro,
306 2057 348 2107 vir
360 2056 527 2107 Romanorum
540 2054 739 2105 eruditissimus.

234 2145 237 2152 “
272 2137 373 2189 Probus
387 2139 512 2203 interpres
529 2134 632 2200 Vergili
647 2135 689 2186 eol.
709 2135 806 2186 V131:
833 2135 916 2187 Varro
935 2135 1004 2200 quist
1020 2133 1169 2201 Menippeas
1188 2150 1269 2184 nona

202 2218 334 2283 magistro,
347 2218 418 2270 euius
427 2224 500 2267 aetas
509 2216 584 2280 longe
594 2223 779 2283 praecesserat,
789 2217 939 2280 nominatus,
953 2217 996 2266 sed
1006 2229 1020 2264 a
1031 2216 1157 2267 societate
1165 2217 1270 2280 ingenii,

202 2301 267 2365 quod
280 2301 303 2350 is
315 2315 413 2367 quoquo
426 2299 558 2360 omnigeno
572 2299 683 2348 carmine
696 2298 791 2349 satin-as
804 2313 863 2348 suas
877 2298 1052 2364 expoliverat.

272 2380 368 2434 Gellius
379 2385 492 2432 nostiam
502 2382 555 2430 Art.
568 2380 600 2431 II
613 2381 657 2430 18:
676 2379 809 2445 Menippus
824 2380 896 2429 euius
909 2379 989 2429 libros
1004 2377 1037 2429 Μ.
1045 2378 1128 2431 Varro
1141 2378 1167 2428 in
1180 2379 1269 2429 satiris

203 2464 342 2524 aemulatus
355 2471 403 2526 est,
416 2477 477 2530 quas
489 2462 536 2512 ulii
549 2462 662 2529 eyaieas,
675 2462 729 2527 ipse
741 2461 854 2526 appellat
867 2459 1020 2525 Menippeas.
1118 2467 1122 2472 ’
