2864 4344
596 91 739 198 Sbfflffl
793 148 800 210 ἵ
1159 147 1200 209 47

95 307 119 357 11
134 299 276 373 coissent,
293 301 422 362 ducente
437 318 491 379 per
506 301 652 380 porticum
669 301 776 363 Gitone
792 303 828 364 ad
842 302 963 364 ianuam
977 301 1124 375 venimus,
1149 300 1200 362 ubi

133 384 216 448 canis
228 385 394 448 catenarius
410 393 494 447 tanto
510 403 566 450 nos
581 387 714 448 tumultu
729 387 854 468 excepit,
871 395 904 450 ut
916 387 1047 466 Ascyltos
1063 387 1153 449 etiam
1169 387 1200 448 in

16 467 17 474 ³
132 470 278 550 piscinam
291 471 440 534 ceciderit.
464 490 519 532 nec
529 489 591 535 non
604 491 657 552 ego
670 491 789 555 quoqne
801 471 909 548 ebrius,
922 473 973 553 qui
985 474 1072 534 etiam
1085 473 1199 552 pictum

16 575 18 694 1
132 557 293 620 timueram
308 573 424 630 canem
440 557 512 619 dum
528 559 641 622 natanti
656 577 742 638 opem
758 560 832 633 fero,
853 558 885 620 in
906 559 1033 620 eundem
1053 559 1199 638 gurgitem

16 711 17 724 ,
100 650 247 706 etractus
261 661 340 704 sum.
374 643 501 704 servavit
526 662 582 706 nos
601 653 702 706 tamen
713 645 858 718 atriensis,
881 644 932 724 qui
951 644 1124 706 interventu
1146 663 1201 706 suo

134 735 166 789 et
181 747 286 791 canem
302 729 427 808 placavit
448 737 477 790 et
492 747 548 792 nos
563 738 729 800 trementes
745 730 877 794 'exuerit
898 730 929 791 in
949 729 1070 802 siecum.
1104 737 1134 792 et
1149 730 1201 790 Gi-

16 863 17 866 ,
132 820 189 875 ton
203 814 325 894 quidem
341 813 402 874 iam
417 815 531 881 dudum
546 835 579 876 se
593 816 708 878 ratione
724 817 893 880 acutissima
906 814 1075 877 redemerat
1086 835 1101 878 a
1112 833 1201 889 cane3

134 898 277 980 quiequid
292 899 371 962 enim
388 917 405 960 a
419 900 505 962 nobis
520 910 674 982 acceperat
695 903 732 964 de
743 921 827 972 cena,
842 896 960 964 latranti
975 909 1137 981 sparserat3
1153 901 1200 979 [at]

133 983 183 1045 ille
198 992 335 1047 avocatus
351 984 416 1046 cibo
431 989 564 1048 sororem
578 996 794 1068 suppresserat.
826 996 958 1050 ceterum
980 1005 1048 1048 curn
1069 987 1201 1064 algentes

85 1085 116 1136 ιο
135 1069 239 1150 utique
256 1071 434 1152 petissemus
450 1071 486 1133 ab
501 1073 640 1145 atriense,
664 1081 699 1135 ut
719 1093 774 1136 nos
796 1081 878 1135 extra
899 1073 1019 1135 ianuam
1042 1073 1201 1144 emitteret,

136 1155 236 1218 ‘errae'
259 1156 359 1236 inquit
385 1157 421 1218 ‘si
436 1165 522 1237 putas
537 1165 566 1220 te
588 1159 667 1220 exire
687 1159 744 1220 hac
758 1179 857 1240 posse,
884 1178 942 1239 qua
956 1158 1078 1220 venisti.
1111 1175 1201 1220 nemo

133 1257 269 1322 unquam
285 1242 477 1304 convivarum
500 1261 554 1323 per
568 1245 694 1306 eandem
713 1244 831 1308 ianuam
854 1245 980 1306 emissus
995 1253 1057 1332 est3
1079 1243 1135 1306 alia
1153 1244 1202 1305 in-

132 1335 224 1401 trant,
247 1327 302 1390 alia
321 1327 450 1397 exeunt!
482 1329 554 1410 quid
574 1330 718 1393 faciamus
736 1330 875 1392 homines
897 1330 1058 1392 miserrimi
1080 1336 1111 1390 et
1133 1325 1254 1391 novi73

133 1413 250 1492 generis
276 1413 443 1493 labyrintho
470 1415 592 1487 inclusi,
620 1416 729 1496 quibus
753 1416 844 1478 lavari
862 1416 920 1479 iam
941 1423 1077 1496 coeperat
1097 1423 1201 1476 votum

84 1512 118 1562 15
133 1495 226 1560 esse?
248 1501 328 1560 ultro
345 1517 415 1578 ergo
431 1500 611 1579 rogavimus,
628 1510 662 1563 ut
677 1521 732 1563 nos
754 1501 790 1564 ad
809 1501 950 1562 balneum
971 1502 1102 1574 duceret,
1129 1519 1202 1581 pro-

133 1583 280 1664 iectisque
292 1585 487 1658 vestimentis,
500 1605 576 1666 quae
583 1587 672 1649 Giton
683 1587 715 1648 in
726 1587 808 1648 aditu
820 1587 931 1648 siccare
943 1587 1049 1667 coepit,
1060 1587 1201 1647 balneum

133 1670 320 1739 intravimus,
337 1678 495 1750 angustum
512 1671 625 1734 scilieet
645 1680 674 1734 et
694 1673 842 1734 cisternae
856 1671 1025 1750 frigidariae
1043 1671 1150 1742 simile,
1170 1671 1201 1732 in

133 1774 193 1835 quo
207 1755 492 1819 Trimalchiorectus
502 1756 607 1819 stabat
630 1759 760 1820 aenesie
771 1756 894 1837 quidem
906 1757 1125 1836 putidissimam
1137 1757 1201 1818 eius

16 1895 17 1916 ,
133 1841 326 1902 iactationem
341 1841 425 1903 licuit
436 1841 580 1920 effugere3
597 1862 665 1904 nam
678 1843 753 1907 nihil
767 1842 874 1905 melius
891 1859 955 1904 esse
969 1841 1095 1915 dicebat,
1112 1862 1201 1924 quam

83 1940 115 1990 20
135 1926 201 1988 sine
222 1927 309 1988 turba
330 1927 430 2000 lavari,
458 1935 488 1989 et
508 1947 543 1990 eo
557 1929 622 2008 ipso
645 1929 711 1991 loeo
731 1929 888 2009 aliquando
914 1928 1076 2008 pistrinum
1099 1929 1201 1990 fnisse.
1293 1940 1310 1984 t

133 2012 242 2074 deinde
258 2019 293 2074 ut
307 2013 433 2074 lassatus
447 2013 591 2088 consedit,
608 2014 752 2077 invitatus
768 2014 868 2076 balnei
881 2033 957 2076 sono
976 2014 1090 2077 diduxit
1105 2033 1202 2094 usque

132 2098 170 2160 ad
185 2117 333 2178 camerano
350 2098 506 2161 osebrium
523 2107 552 2161 et
566 2100 845 2179 coepitMenecratis
857 2101 969 2162 cantica
985 2101 1123 2174 lacerare,
1141 2099 1202 2162 sic-

132 2190 167 2244 ut
187 2183 229 2246 illi
248 2183 396 2262 dicebant,
420 2184 471 2265 qui
486 2185 617 2266 linguam
629 2185 693 2247 eius
704 2186 927 2266 intellegebant
961 2187 1051 2266 ceteri
1062 2186 1203 2248 convivae

16 2325 17 2330 ,
132 2269 210 2331 eirea
226 2269 344 2332 labrum
360 2271 497 2333 manibus
513 2271 599 2332 nexis
615 2273 776 2346 currebant
790 2279 820 2334 et
835 2271 997 2352 gingilipho
1012 2271 1126 2352 ingenti
1141 2273 1202 2334 ela-

16 2353 19 2486 1
83 2367 114 2420 25
133 2372 219 2417 more
234 2355 390 2418 sonabant.
415 2355 462 2419 alii
475 2363 576 2419 autem·
591 2359 660 2436 [aut]
674 2358 820 2423 restrictis
833 2357 971 2420 manibus
983 2358 1089 2419 anulos
1101 2357 1137 2418 de
1148 2377 1201 2436 pa·

16 2499 18 2564 t
131 2439 1201 2608 111111111111111111111111111111111111

16 2565 26 2594 1·
250 2585 251 2588 =
864 2577 870 2591 ·
962 2574 970 2604 a

16 2605 17 2614 ’
132 2612 219 2675 ludos
234 2612 355 2687 iaciunt,
370 2613 402 2676 in
414 2613 531 2688 solium,
546 2615 627 2696 quod
635 2613 845 2678 Trimalchioni
857 2612 1062 2694 vaporabatur,
1077 2613 1201 2674 descen·

133 2698 243 2761 dhnus.
1199 2745 1204 2757 ,

83 2799 115 2848 to
221 2801 291 2863 ergo
306 2782 448 2846 ebrictate
464 2783 597 2847 discussa
619 2785 651 2846 in
673 2784 752 2846 aliud
767 2778 927 2847 triclinium
950 2783 1069 2846 deducti
1087 2801 1201 2854 sumus,

132 2867 360 2932 ubilortunata
380 2869 567 2949 disposuerat
587 2869 717 2933 lautitias
733 2873 820 2950 [suas]
843 2871 885 2932 ita
906 2880 941 2933 ut
955 2889 1045 2950 supra
1066 2870 1201 2932 lucernas

278 2955 476 3035 aeneolosque
495 2956 657 3036 piscatores
680 2957 846 3018 notaverim
864 2964 894 3018 et
913 2975 1032 3018 mensas
1053 2963 1130 3017 totas
1152 2973 1201 3015 ar·
1269 2978 1272 2985 f

133 3049 254 3120 genteas
268 3041 435 3122 calicesque
449 3042 526 3103 cirea
541 3041 645 3103 fictiles
661 3041 814 3105 inauratos
828 3049 859 3103 et
874 3041 976 3103 vinum
992 3042 1024 3103 in
1040 3047 1201 3120 conspeetu

16 3175 17 3180 1
132 3145 220 3188 sacco
246 3126 389 3189 defluens.
433 3134 499 3188 tum
520 3127 698 3190 Trimalchio
719 3126 824 3189 ‘amici‘
852 3127 953 3206 inquit
981 3127 1079 3189 ‘hodie
1098 3143 1201 3188 servus

84 3221 115 3274 35
134 3229 222 3274 meus
237 3211 435 3274 barbatoriam
445 3213 524 3286 iecit,
541 3213 631 3274 humo
647 3213 814 3293 praefiscini
829 3212 909 3292 frugi
922 3212 1115 3286 etmicarius.
1145 3212 1201 3272 ita·

133 3317 195 3378 que
215 3305 410 3375 tengomenas
431 3298 572 3360 faciamus
600 3306 630 3360 ct
651 3299 798 3380 usquein
819 3299 914 3360 lucem
927 3296 1097 3359 cenamus.
1130 3297 1202 3358 haec
1213 3296 1255 3356 74

133 3383 253 3446 dicente
269 3403 305 3446 eo
320 3383 413 3460 gallus
425 3384 602 3462 gallinaceus
627 3383 762 3446 cantavit.
796 3403 853 3466 qua
876 3403 948 3446 voce
969 3382 1113 3445 confusus
1134 3383 1201 3443 Tri-

134 3468 262 3530 malchio
278 3468 380 3530 vinum
397 3469 452 3530 sub
469 3488 572 3532 mensa
587 3469 673 3532 iussit
686 3469 797 3532 edundi
810 3471 1023 3549 lucernamque
1035 3469 1124 3530 etiam
1136 3486 1202 3529 me-

205 3641 221 3694 3
233 3641 330 3705 ebrius]
343 3646 460 3709 empcetea
472 3644 639 3695 conturbatus
651 3641 662 3710 11
678 3645 774 3710 lbpeto
785 3643 878 3708 ndique
893 3641 898 3709 1
913 3643 1014 3696 ianuam
1022 3645 1168 3709 suspectum
1180 3639 1190 3708 11

136 3710 167 3760 tv
182 3711 208 3760 in
221 3726 277 3776 qua.
290 3713 345 3762 siue
356 3709 433 3761 dubio
446 3713 507 3762 haec
522 3713 685 3763 Petrom'eais
707 3713 825 3762 breviora
837 3709 846 3778 11
862 3711 892 3761 18
903 3712 1022 3778 sortasse
1038 3710 1097 3760 istie
1113 3710 1117 3776 Ι
1132 3712 1203 3776 puti-

134 3778 265 3828 dissimam
278 3778 441 3831 eiectionem
454 3779 463 3846 11
478 3778 610 3844 lisinguli
619 3779 838 3846 sophosllec'naiuc
850 3777 859 3846 11
873 3779 905 3830 25
918 3779 1061 3830 exorabant
1073 3777 1083 3846 11
1096 3776 1203 3829 limato

135 3844 247 3914 11111128
265 3847 292 3896 in
305 3847 360 3898 solo
377 3847 381 3914 1
396 3856 553 3915 pervapatur
567 3849 612 3900 aed
627 3850 655 3898 in
670 3851 790 3914 margine
812 3847 844 3898 al.
862 3849 1000 3914 parabatur
1011 3846 1022 3914 11
1040 3849 1069 3900 31
1085 3863 1144 3898 suas
1156 3863 1202 3896 eo:-

133 3919 257 3983 pamotum
271 3913 279 3981 1
293 3915 325 3966 35
343 3915 502 3968 barbatoriam
513 3916 525 3983 11
538 3915 570 3968 311
582 3924 659 3982 tango
671 3933 757 3970 monas
