2860 4340
624 143 767 200 surtran
851 130 854 138 '
1187 149 1227 214 63

1 337 2 390 3
115 307 139 360 ι
159 301 315 376 attonitus,
331 299 518 384 'secutusque
539 303 687 366 labentem
709 305 815 366 eodem
835 302 1015 365 ferramento
1038 305 1073 366 ad
1100 314 1228 368 mortem

158 391 238 452 viam
252 407 372 470 quaero.
407 390 458 453 sed
475 409 572 470 neque
589 390 680 452 Giton
696 389 754 453 ulla
769 398 832 452 erat
843 389 1013 469 suspicione
1025 393 1155 454 uulneris
1167 393 1228 453 lae·

133 525 136 530 ,
157 496 222 554 sus,
239 494 338 556 neque
354 496 408 556 ego
424 476 518 538 ullum
533 477 700 540 sentiebam
716 476 860 540 dolorem.
893 476 977 538 rudis
990 476 1070 538 enim
1086 477 1229 541 novacula

158 571 189 624 et
204 563 238 624 in
253 561 435 638 borretum,
452 570 486 624 ut
500 562 602 644 pueris
618 562 799 624 discentibus
815 561 968 624 audaciam
983 564 1117 626 tonsoris
1133 566 1227 633 daret,

123 663 140 712 5
159 649 344 712 instruxerat
357 649 484 712 thecam.
518 648 646 730 ideoque
660 666 716 710 nec
731 645 956 711 mercennarius
976 649 1013 710 ad
1032 658 1151 730 raptum
1167 651 1229 712 fer-

161 741 334 798 ramentum
355 741 526 817 expaverat,
552 753 608 798 neo
629 735 793 815 Eumolpus
815 732 1057 815 interpellaverat
1077 736 1229 800 mimicam

163 827 303 883 mortem.

103 910 149 964 Lo
244 903 249 988 Ι
270 907 340 968 dum
362 907 435 969 haee
454 905 551 968 fabula
571 906 650 968 inter
670 913 802 970 amantes
817 905 943 979 lud-itur,
972 905 1135 970 deversitor
1160 927 1228 972 eum
1242 913 1281 973 95

159 999 245 1074 parte
261 992 384 1054 cenulae
400 992 570 1067 intervenit,
592 992 871 1074 contemplatusque
891 991 1093 1054 foedissimam
1114 995 1228 1060 voluta-

107 1091 140 1144 10
158 1079 274 1140 tionem
286 1079 447 1141 iacentium
459 1077 551 1158 ‘rogo'
562 1079 660 1158 inquit
671 1077 754 1140 ‘ebrii
771 1078 852 1150 estis,
868 1097 906 1140 an
922 1077 1045 1157 fugitivi,
1061 1096 1098 1140 an
1110 1087 1228 1144 utrum·

159 1161 243 1245 que?
259 1164 325 1243 quis
342 1171 442 1226 autem
458 1166 613 1245 grabatum
627 1161 711 1226 illum
727 1164 830 1238 erexit,
846 1171 898 1227 aut
919 1163 991 1244 quid
1013 1164 1068 1226 sibi
1092 1167 1153 1228 vult
1167 1176 1228 1230 tam

158 1249 270 1312 furtiva
284 1246 425 1312 molitio?
453 1270 507 1312 vos
534 1250 719 1312 mehercules
746 1268 784 1311 ne
806 1249 975 1312 mercedem
1002 1250 1090 1313 cellae
1110 1253 1227 1328 daretis,

159 1337 266 1416 fugere
282 1344 369 1399 nocte
383 1327 414 1397 iri
429 1336 582 1418 publicum
596 1336 740 1401 voluistis.
769 1336 822 1398 sed
838 1355 899 1400 non
911 1337 1044 1415 impune.
1073 1337 1132 1400 iam
1148 1339 1228 1402 enim

158 1423 229 1484 faxo
245 1421 344 1485 sciatis
359 1438 421 1484 non
436 1421 541 1485 viduae
555 1421 632 1484 hanc
646 1423 773 1484 insulam
790 1442 855 1484 esse
870 1424 921 1485 sed
936 1420 974 1482 M.
989 1420 1146 1486 Mannicii.'
1177 1447 1227 1488 ex·

109 1514 140 1566 15
161 1508 268 1570 chrum
282 1508 446 1589 Eumolpus
473 1509 572 1572 ‘etiam
593 1506 747 1571 minarisf'
773 1509 922 1589 simulque
945 1508 1227 1590 oshominispalma

157 1595 369 1658 excussissima
384 1595 491 1675 pulsat.
525 1594 573 1656 ille
595 1603 640 1657 tot
655 1594 804 1675 hospitum
832 1593 1004 1674 potionibus
1026 1594 1153 1657 liberum
1174 1616 1227 1659 ur-

158 1680 277 1744 ceolum
292 1681 413 1742 fictilem
427 1680 458 1742 iu
474 1680 611 1762 Eumolpi
627 1689 715 1760 caput
728 1680 869 1742 iaculatus
882 1687 927 1742 est
939 1678 1084 1760 solvitque
1096 1683 1227 1744 claman-

157 1766 198 1829 tis
215 1766 345 1830 frontem
360 1774 389 1828 et
404 1768 441 1829 de
457 1766 527 1829 cella
543 1784 576 1827 se
591 1767 745 1847 proripuit.
779 1765 946 1846 Eumolpus
958 1767 1152 1830 contumeliae
1167 1768 1228 1830 im-

157 1851 276 1933 patiens
290 1851 367 1932 rapit
378 1853 510 1934 ligneum
521 1853 729 1914 candelabrum
741 1852 937 1932 sequiturque
950 1851 1110 1916 abeuntem
1122 1861 1153 1914 et
1162 1872 1227 1916 crc-

106 1945 140 1997 20
157 1939 298 2002 berrinris
318 1938 424 2003 ictibus
446 1937 639 2019 supercilium
661 1957 750 2000 suurn
772 1938 911 2001 vindicat.
945 1939 978 2000 fit
998 1956 1162 2002 concursus
1183 1937 1227 2002 fa-

157 2024 258 2089 miliae
280 2025 493 2106 hospitumque
514 2024 665 2086 ebriorum
686 2023 864 2106 frequentia.
911 2044 965 2105 ego
995 2033 1095 2088 autem
1122 2034 1228 2088 nactus

158 2103 347 2175 occasio'nem
367 2111 514 2174 vindictae
533 2111 714 2191 Eumolpum
735 2110 872 2185 excludo,
897 2111 1073 2193 redditaque
1094 2112 1228 2175 scordalo

157 2197 223 2262 rice
239 2197 305 2260 sine
321 2198 438 2260 aemulo
455 2197 567 2259 scilicet
583 2204 612 2257 et
628 2198 699 2260 cella
714 2204 784 2258 utor
800 2204 829 2258 et
844 2205 942 2260 nocte.

248 2283 369 2346 interim
384 2291 518 2346 coctores
541 2282 734 2364 insulariique
756 2283 889 2345 mulcant
914 2285 1067 2347 exclusum
1096 2291 1125 2346 et
1151 2282 1225 2346 alius

105 2378 140 2430 25
160 2369 318 2435 veruextis
328 2369 522 2432 stridentibus
533 2369 656 2449 plenum
668 2369 699 2430 in
711 2369 812 2431 oculos
824 2369 889 2431 eius
901 2369 1040 2443 intentat,
1057 2370 1131 2432 alius
1144 2369 1228 2431 furca

160 2459 198 2520 de
213 2454 345 2519 carnario
360 2463 442 2536 rapta
458 2462 569 2517 statum
581 2454 753 2536 proeliantis
777 2455 938 2535 componit.
973 2473 1047 2517 anus
1069 2455 1227 2536 praecipue

160 2544 246 2625 lippa,
254 2541 457 2605 sordidissimo
465 2541 633 2621 praecincta
641 2537 840 2614 linteo,soleis
849 2540 954 2620 ligneis
962 2541 1227 2621 imparibusimpo-

160 2630 224 2703 sita,
240 2646 343 2691 canem
351 2627 479 2708 ingentis
489 2625 699 2706 magnitudinis
715 2634 816 2688 catena
831 2625 923 2688 trabit
933 2626 1113 2707 instigatque
1121 2625 1153 2686 in
1164 2626 1227 2688 Eu-

162 2715 292 2796 molpon.
308 2713 360 2776 sed
375 2714 423 2775 ille
430 2711 603 2776 candelabro
617 2732 648 2774 se
663 2713 698 2774 ab
714 2711 797 2774 omni
804 2711 937 2792 periculo
951 2713 1125 2775 vindicabat.
1143 2711 1226 2794 vide·
1239 2712 1279 2776 96
1363 2743 1364 2748 ’

105 2811 139 2862 30
158 2802 266 2864 bamus
280 2819 336 2862 nos
345 2800 444 2862 omnia
452 2817 506 2880 per
514 2799 649 2862 foramen
656 2799 763 2874 valvae,
780 2799 957 2879 quodpaulo
966 2807 1035 2860 ante
1048 2817 1119 2861 ansa
1128 2797 1227 2860 ostioli

158 2893 247 2968 rupta
267 2887 428 2958 laxaverat3
448 2885 642 2966 favebamque
665 2903 719 2964 ego
740 2885 898 2966 vapulanti.
930 2885 1020 2948 Giton
1039 2893 1139 2948 autem
1166 2902 1247 2946 nou⁴

159 2973 273 3036 oblitus
289 2971 508 3035 misericordiae
524 2990 595 3033 suae
610 2971 804 3033 reserandum
827 2989 894 3032 esse
916 2971 1027 3033 ostium
1049 2988 1228 3034 succurren-

159 3060 294 3141 dumque
309 3057 487 3139 periclitanti
503 3057 652 3119 censebat.
684 3075 737 3138 ego
753 3057 879 3119 durante
895 3056 991 3118 adbuc
1002 3057 1153 3120 iracundia
1165 3076 1228 3118 non

160 3143 298 3210 continui
317 3163 449 3218 manum,
465 3144 518 3205 sed
533 3149 622 3227 caput
637 3142 804 3205 miserantis
822 3142 925 3204 stricto
941 3150 1087 3224 acutoque
1104 3143 1227 3206 articulo

108 3241 141 3292 ³5
159 3229 305 3312 percussi.
322 3236 352 3291 et
366 3230 415 3292 ille
431 3229 552 3311 quidem
567 3231 644 3290 flens
659 3228 795 3290 consedit
809 3229 840 3290 in
855 3228 941 3290 lecto.
963 3246 1017 3309 ego
1029 3238 1128 3291 autem
1140 3228 1228 3290 alter·

118 3331 140 3385 L
158 3315 982 3397 nosopponebamforaminioculosiniuriaqueEumolpi
993 3309 997 3396 l
1009 3314 1227 3394 velutquodam

101 3415 147 3471 ιθ
159 3403 225 3466 cibo
234 3398 441 3483 mereplebam
453 3399 458 3486 Ι
471 3401 755 3482 advocationemque
769 3400 1023 3472 commendabam,
1036 3418 1104 3462 cum
1118 3414 1227 3480 procu*

158 3495 243 3552 rator
256 3489 369 3551 insulae
378 3489 619 3568 Bargatcsaoena
636 3488 778 3550 excitatus
794 3506 810 3548 a
825 3485 940 3549 duobus
954 3485 1109 3548 lecticariis
1122 3487 1153 3546 in
1163 3505 1227 3547 mea
1322 3545 1325 3552 .

160 3575 239 3638 diam
254 3574 349 3637 rixam
363 3577 528 3655 perfertur3
543 3593 613 3636 uam
628 3581 692 3636 erat
707 3574 793 3636 etiam
810 3571 934 3653 pedibus
950 3591 1046 3652 aeger.
1076 3572 1101 3634 is
1122 3579 1156 3632 ut
1177 3589 1226 3634 ra·

158 3657 245 3723 biosa
259 3659 443 3742 barbaraque
457 3679 529 3722 voce
543 3661 575 3722 in
591 3660 687 3724 ebrios
705 3659 904 3740 fugitivosque
927 3658 979 3721 diu
999 3658 1157 3740 peroravit,
1178 3676 1226 3720 re·

232 3801 264 3854 16
275 3799 343 3851 liber
357 3797 397 3868 Ol!
412 3799 443 3850 36
455 3797 622 3866 iniuriamquo
635 3793 753 3864 Eumolpi
765 3757 1004 3864 advocationemque
1019 3797 1130 3863 iungunt
1148 3795 1175 3847 0.
1188 3796 1228 3847 in·

161 3865 294 3936 inrisoque
299 3865 415 3934 Eumolpi
425 3863 617 3922 advocationem
627 3867 813 3920 commodabam
822 3868 870 3931 (ric
875 3869 1013 3921 Parisinus
1021 3864 1096 3932 8049)
1103 3863 1227 3931 Scaliger,

162 3946 190 3989 et
201 3937 284 3989 veluti
296 3938 402 4005 quodam
414 3933 471 3990 cibo
484 3953 524 3990 rne
536 3937 665 4005 replebam
678 3946 734 3990 cum
746 3937 869 3989 I’tttoeos
