2860 4340
704 114 855 168 eubulus

730 269 823 332 XXIII

349 372 525 452 Quicunque
540 371 592 434 bic
606 372 714 435 violam
730 391 863 436 resamvc
878 383 979 454 carpet

348 457 526 519 iurtivumve
540 457 627 520 holus
643 469 694 520 aut
707 459 839 539 inempta
855 477 952 538 poma,

348 542 480 604 deiectus
496 561 650 623 pueroque
664 544 836 624 feminaque

349 628 405 689 bac
419 629 575 707 tentigine,
591 648 680 709 quam
697 630 801 692 videtis
817 630 849 690 in
865 648 924 703 me,

347 721 513 793 rumpatur,
529 732 643 794 precor,
659 734 753 795 usqne
769 716 960 796 mentulaquc

347 799 530 880 nequiquam
545 800 600 863 sibi
615 800 713 882 pulset
728 801 911 862 umbilicum.

719 973 827 1037 XXIlII

346 1077 464 1140 Hieme
480 1078 635 1140 custodem
650 1078 769 1140 iecuudi
784 1079 885 1142 vilicus
900 1079 980 1141 berti

393 1162 525 1225 mandati
542 1181 642 1226 curam
659 1164 746 1226 iussit
760 1164 869 1226 babere
883 1164 948 1225 leci.

349 1251 399 1310 tur
412 1248 521 1311 babeas
536 1267 674 1330 poenam,
691 1250 759 1310 licet
773 1250 927 1328 indignere
942 1250 1113 1330 ‘teram’quc

393 1341 527 1414 ‘prepter
541 1333 634 1396 bolus'
650 1335 731 1398 dicas
746 1336 812 1398 ‘boc
826 1333 912 1414 egn?’
927 1342 1061 1417 ‘prepter
1075 1336 1178 1399 belus'.
1230 1345 1234 1357 ’

736 1509 813 1571 XXV

348 1611 411 1674 IIec
425 1620 587 1693 sceptrum,
602 1614 681 1693 quod
698 1611 735 1674 ub
750 1612 855 1676 arbore
870 1621 904 1676 ut
918 1613 1050 1678 recisum
1066 1621 1121 1687 est,
1221 1627 1225 1634 '

348 1697 429 1759 nulla
445 1698 504 1759 iam
519 1699 629 1778 peterit
645 1699 740 1761 virere
755 1697 878 1774 irondc3

349 1791 512 1863 sceptrum,
529 1784 608 1866 qued
624 1786 759 1864 patbicae
772 1793 880 1866 petunt
894 1785 1019 1866 puellae,

345 1869 423 1951 qued
441 1869 560 1950 quidam
578 1871 701 1950 cupiunt
716 1878 819 1933 tencre
833 1889 929 1950 reges,

347 1954 395 2017 cui
410 1955 482 2016 dant
497 1955 595 2017 escula
611 1957 725 2018 nobiles
741 1955 866 2031 cinaedi,

346 2039 424 2102 intra
439 2040 552 2103 viscera
566 2041 642 2103 furis
656 2040 712 2103 ibit
726 2061 823 2122 usque

346 2125 382 2186 ad
396 2125 506 2206 pubem
521 2127 719 2208 capulumque
734 2127 892 2190 celsorum.

346 2405 440 2468 Porro
455 2427 497 2450 -ὴ
512 2423 583 2467 nam
599 2403 666 2486 quis
682 2405 739 2466 erit
753 2401 885 2467 modus?
899 2439 940 2450 -
956 2403 1096 2479 Qubites,

346 2499 399 2553 aut
413 2491 574 2572 praecidite
587 2489 732 2554 seminale
747 2491 925 2564 membrum,

346 2578 426 2656 quod
438 2577 509 2639 totis
525 2577 599 2640 mihi
613 2577 752 2639 noctibus
766 2577 890 2657 fatigant

345 2663 459 2724 vicinae
474 2663 540 2724 sine
554 2664 614 2725 bne
625 2663 795 2743 prurientes

344 2747 443 2810 vernis
458 2749 626 2828 passeribus
642 2748 809 2818 sclaciures,

344 2841 396 2894 aut
409 2852 532 2912 rumpar
547 2853 601 2895 nec
614 2833 760 2895 babebitis
771 2830 922 2912 Priapum.

343 2919 401 2998 ipsi
416 2917 548 2992 cernitis,
563 2920 705 2981 etintutus
721 2926 754 2981 ut
768 2918 824 2979 sim

344 3005 555 3085 coniectnsque
570 3023 728 3086 macerqne
743 3003 938 3085 pallidusqne,

345 3090 397 3169 qui
408 3092 559 3171 quondam
575 3092 666 3154 ruber
682 3101 712 3154 et
726 3092 828 3152 valens
844 3090 974 3154 solebant

344 3176 426 3237 iures
440 3177 562 3239 caedere
577 3177 738 3258 quambbet
753 3177 895 3238 valentes.

344 3262 450 3324 defecit
463 3263 541 3326 latus
558 3271 588 3325 et
599 3263 795 3344 periculosam

343 3365 411 3408 cnm
427 3348 503 3411 tussi
517 3349 609 3411 miser
623 3368 718 3430 expuo
734 3347 864 3410 salivam.

710 3522 815 3585 XXVII

343 3623 469 3686 Deliciae
483 3627 595 3707 populi,
610 3645 719 3708 magno
735 3625 890 3689 notissima
905 3625 983 3690 circo
1039 3591 1050 3614 ⁰

385 3709 513 3786 Quintia,
528 3712 654 3776 vibratas
669 3714 754 3776 docta
772 3729 892 3774 movere
907 3720 1001 3782 nates,

304 3863 391 3919 XXVI
403 3865 419 3915 9
427 3867 545 3932 senecae
557 3873 583 3917 et
595 3867 682 3932 rigens
