2860 4340
592 138 734 194 bulardi

234 311 324 354 nemo
340 301 386 355 est
401 293 492 356 feroci
506 295 691 373 pectorosior
705 295 813 360 Marte:
838 343 841 346 .

233 379 313 458 quod
330 379 355 440 si
371 379 437 457 quis
452 378 533 440 inter
545 381 599 442 hos
614 381 698 444 Iocus
713 381 786 446 mihi
800 392 902 459 restat,

234 465 309 526 deus
324 464 431 545 Priapo
447 465 639 528 mentulatior
655 485 718 528 nou
733 474 787 532 est.

500 751 503 758 .
595 697 727 759 XXXVII

234 801 293 863 Cur
306 803 419 882 pictum
436 801 560 864 memori
577 801 663 863 sitin
678 800 786 863 tabella
829 865 832 872 ,

118 954 123 964 ,
232 889 412 962 membrum,
429 886 581 968 quaeritis,
598 887 678 948 uude
693 882 909 966 procreamur?

233 992 300 1035 cum
316 974 403 1054 penis
418 972 492 1034 mibi
506 973 584 1033 forte
598 974 697 1034 laesus
713 982 792 1035 esset
938 1047 941 1054 ,

233 1059 460 1140 chirurgamque
475 1077 598 1120 manum
615 1058 705 1119 miser
716 1057 864 1134 timerem,

233 1144 279 1205 dis
294 1164 342 1206 me
357 1145 494 1225 legitimis
510 1144 659 1223 nimisque
675 1144 798 1222 magnis,

232 1238 266 1290 ut
280 1230 400 1292 Phoebo
417 1239 489 1310 puta
504 1229 624 1308 filioque
640 1229 762 1302 Phoebi,

231 1324 367 1378 curatum
384 1315 453 1377 dare
470 1317 633 1376 mentulam
650 1315 779 1376 verebar.

231 1401 301 1463 huic
316 1402 389 1462 dixi:
407 1402 462 1462 ‘ier
478 1418 576 1482 opem,
593 1400 708 1480 Priape,
724 1401 810 1480 partI,
922 1415 925 1427 ·

232 1488 315 1549 cuius
331 1496 373 1561 tu,
389 1494 481 1568 pater,
498 1489 561 1568 Ipse
577 1503 646 1566 pars
659 1485 784 1548 videris:

232 1592 290 1653 qua
306 1575 384 1634 salva
399 1574 464 1635 sine
478 1572 608 1634 sectione
623 1576 700 1633 lacta

231 1666 360 1738 ponetur
375 1659 429 1720 tibi
445 1658 535 1737 picta,
551 1676 641 1737 quarn
656 1658 770 1730 levaris,

232 1743 590 1824 comparconsimilisque
607 1741 824 1823 concolorque.’

231 1830 368 1909 promisit
383 1831 448 1890 iore
464 1829 690 1908 mentulamque
706 1828 800 1888 movit

231 1933 285 1995 pro
301 1922 376 1976 nutu
392 1915 466 1977 deus
482 1923 512 1975 et
526 1924 626 1992 rogata
640 1914 720 1975 iecit.

503 2119 513 2147 l
583 2110 727 2205 xxxviii

229 2247 409 2327 Simpliciter
425 2247 477 2308 tibi
489 2266 547 2317 me,
564 2249 764 2328 quodcunque
777 2254 831 2320 est,
844 2245 942 2309 dicere
955 2253 1082 2327 oportet,

270 2341 377 2399 notura
392 2342 439 2400 est
454 2333 595 2414 quoniam
610 2351 730 2413 semper
743 2339 843 2413 aperta
859 2333 944 2414 milti:
1006 2400 1018 2410 ,Ι

229 2420 365 2498 pedicare
380 2419 457 2500 v'olo,
472 2428 505 2498 tu
521 2418 565 2480 vis
581 2419 740 2498 decerpere
754 2437 859 2498 poma3

272 2505 353 2585 quod
369 2514 446 2585 peto,
461 2505 487 2572 si
502 2504 628 2578 dederis,
645 2503 725 2584 quod
742 2503 830 2584 petis,
845 2502 980 2584 accipies.

573 2721 733 2789 XXXVIIII

230 2828 338 2888 Forma
354 2826 519 2888 Mercurius
535 2833 633 2906 potest
648 2826 773 2906 plaeere,
888 2885 892 2894 ,

230 2914 327 2974 forma
343 2912 572 2993 conspiciendus
589 2919 635 2972 est
650 2909 764 2992 Apollo,

228 3001 380 3060 formosus
396 3017 516 3079 quoque
530 2997 663 3077 pingitur
677 2997 801 3076 Lyaeus,

230 3084 465 3158 formosissimus
481 3085 616 3145 omnium
633 3090 678 3143 est
693 3081 817 3162 Cupido.
883 3135 886 3138 .

230 3189 279 3230 me
294 3171 394 3248 pulcra
411 3169 506 3230 fateor
522 3171 623 3230 carere
638 3169 742 3240 forma,
811 3175 813 3185 '

230 3257 333 3316 verum
349 3255 483 3316 mentula
498 3253 647 3315 luculenta
662 3261 766 3313 nostra
777 3259 848 3312 est:¹

230 3342 307 3402 banc
322 3341 436 3406 mavult
449 3339 505 3401 sibi
521 3359 609 3418 quam
626 3340 698 3400 deos
713 3337 838 3417 priores,

230 3426 255 3487 si
271 3444 327 3505 qua
343 3434 389 3487 est
404 3425 555 3487 uon-fatui
571 3425 667 3506 puella
683 3422 785 3485 cunni.

599 3624 653 3687 XX
682 3625 708 3685 X

230 3731 303 3793 Nota
321 3705 492 3793 Suburanas
508 3729 587 3790 inter
601 3625 761 3791 'Ieldthusa
776 3725 899 3807 puellas,
913 3701 915 3718 ἰ

12 3885 22 3970 l
191 3883 305 3940 XXXVI
319 3889 350 3940 10
361 3887 425 3938 bueo
438 3883 447 3953 I
459 3881 585 3938 XXXVII
597 3883 612 3936 9
626 3885 680 3952 ipse
693 3879 759 3951 perp
776 3883 805 3934 12
816 3897 897 3952 parva
910 3881 1098 3950 copsiruilisquo
1132 3937 1134 3943 .
1176 3938 1178 3949 Ι
