2860 4340
561 118 769 176 FRAGMENTA

238 284 319 365 quod
335 283 442 344 satiare
456 265 564 362 potest,
581 279 660 342 dives
672 286 776 341 natura
793 279 952 353 ministrat,

168 385 201 435 10
280 369 360 449 quod
375 368 460 428 docet
474 365 600 428 infrenis
615 366 716 444 gloria,
732 366 792 426 tine
807 373 888 426 caret

198 466 214 516 4
227 465 364 532 pugnantis
377 461 386 532 V
400 465 415 515 6
427 465 487 529 igue
499 477 575 526 rogus
589 461 598 530 V
612 463 644 515 10
654 461 764 513 interius
979 457 981 462 ’

595 617 734 682 XXXVI*

238 725 339 788 militis
354 727 385 787 in
401 724 482 804 galea
495 724 603 786 nidum
619 725 716 785 iecere
732 723 904 784 columbae:

279 819 413 892 apparet,
427 809 512 872 llarti
525 828 614 890 quam
630 810 670 870 111
681 809 774 870 amica
789 810 889 871 Venus

508 1017 511 1020 ·
585 979 741 1045 XXXVII*

238 1088 362 1150 Iudaeus
378 1086 447 1148 licet
462 1095 491 1146 et
505 1086 664 1166 porcinum
679 1103 792 1147 numen
808 1086 910 1148 adoret

283 1181 312 1234 et
327 1172 398 1235 caeli
413 1190 546 1232 summas
563 1172 686 1233 advocet
702 1172 857 1245 auriculas,

239 1259 272 1321 ni
285 1265 388 1320 tamen
404 1263 433 1318 11
447 1258 527 1318 ferro
544 1255 703 1318 succiderit
718 1255 847 1336 inguinis
863 1274 956 1326 oram,

283 1352 312 1404 et
327 1344 383 1405 nisi
398 1341 542 1404 nodatum
558 1341 679 1404 solverit
693 1351 756 1404 arte
772 1349 869 1422 caput,

188 1448 203 1497 5
226 1435 395 1508 ‘exemptus
409 1429 518 1508 populo
535 1427 622 1489 Graia
638 1426 776 1507 migrabit
791 1429 827 1490 ab
842 1426 916 1489 urbe
1010 1461 1017 1471 ‹

286 1522 315 1576 et
331 1513 501 1576 nonieiuna
516 1513 638 1576 sabbata
654 1514 718 1592 lege
732 1522 851 1594 premet

242 1708 302 1751 una
317 1696 362 1750 est
377 1687 516 1749 nobilitas
532 1695 801 1770 argumentumque
816 1687 923 1750 coloris

283 1774 414 1853 ingenui,
429 1773 547 1834 timidas
562 1791 623 1834 non
634 1773 773 1834 habuisse
787 1791 893 1834 manus

201 1875 312 1930 41111111
326 1877 421 1926 leniaci
433 1871 438 1942 Ι
453 1874 573 1926 nudatum
587 1874 707 1926 Pillloeus
720 1873 729 1942 ΙΙ
742 1875 830 1944 sipoto
842 1881 935 1926 tremet

539 2033 542 2040 ·
580 2012 747 2077 XXXVIII*

239 2123 315 2182 lecto
331 2116 513 2196 compositus
529 2117 575 2178 vix
590 2119 684 2197 prima
701 2119 816 2181 silentia
833 2118 929 2181 noctis

282 2204 437 2284 carpebam
454 2212 484 2263 ct
498 2221 606 2264 somno
622 2204 735 2266 lumina
749 2205 825 2266 ricta
841 2204 957 2278 dabam,

240 2310 308 2353 cum
324 2309 372 2351 me
387 2307 494 2349 saevus
509 2288 600 2350 Amor
615 2308 759 2369 prensum
782 2291 960 2371 vulsumque
982 2291 1093 2371 capillis

283 2375 390 2438 excitat
405 2382 434 2435 et
449 2375 576 2435 lacerum
593 2375 765 2454 pervigilare
780 2375 871 2437 iubet.

186 2472 201 2520 5
239 2467 282 2523 ‘tu
298 2461 425 2522 famulus
441 2458 535 2520 meus'
549 2459 648 2539 inquit
664 2471 756 2522 ‘ames
772 2479 840 2522 cum
855 2461 935 2521 mille
950 2461 1075 2540 puellas,

282 2546 374 2616 solus,
390 2545 428 2618 io,
444 2545 533 2618 solus,
551 2545 634 2618 dure,
651 2544 748 2606 iacere
763 2553 849 2624 potes
856 2542 881 2604 ‘l’

240 2632 341 2693 exsilio
358 2630 527 2709 etpedibus
542 2630 632 2691 nudis
647 2629 807 2711 tunicaque
823 2631 919 2691 soluta

283 2735 373 2778 omne
389 2715 446 2776 iter
461 2715 601 2794 impedio,
617 2716 731 2777 nullum
746 2717 804 2778 iter
819 2715 952 2795 expedio.

240 2821 322 2865 nunc
336 2819 473 2882 propero,
489 2819 571 2863 nunc
584 2801 629 2861 111
645 2801 734 2881 piget,
751 2820 931 2881 rursumque
946 2799 1044 2860 redire

173 2911 204 2962 10
284 2887 425 2968 poenitet,
442 2894 471 2947 11
486 2887 583 2966 pudor
597 2894 641 2947 est
652 2895 731 2948 stare
746 2888 791 2947 via
806 2886 913 2948 media.

241 2993 308 3035 ecce
323 2979 424 3034 tacent
438 2991 524 3032 voces
540 2973 695 3033 hominum
710 2973 913 3053 strepitusque
928 2972 1041 3033 viarum

283 3067 313 3120 11
328 3059 477 3119 volucrum
495 3065 600 3118 cantus
615 3057 762 3136 turbaque
777 3056 835 3119 sida
851 3075 976 3118 canum:

239 3145 320 3206 solus
337 3162 389 3222 ego
406 3162 441 3202 ex
457 3142 571 3204 cunctis
587 3162 679 3222 paveo
695 3161 894 3222 somnumque
907 3150 1067 3222 torumque

204 3247 208 3254 ·
281 3237 311 3290 11
326 3246 436 3307 sequor
450 3227 619 3306 imperium,
635 3246 742 3307 magne
757 3227 880 3307 Cupido,
896 3235 982 3288 tuum

200 3329 379 3396 3sursumque
392 3328 401 3397 ΙΙ
420 3329 580 3394 8115111111
591 3328 692 3380 literius
709 3328 718 3396 ΙΙ
739 3328 769 3378 13
788 3344 863 3379 11111
881 3342 993 3393 somnoq.
1012 3325 1201 3394 1111181111-
1312 3377 1314 3384 ,

131 3397 210 3449 dorus

574 3567 731 3631 XXXVIIII
741 3567 755 3599 *

240 3675 279 3736 sit
294 3692 352 3735 nox
365 3672 413 3735 illa
430 3672 481 3734 diu
495 3673 582 3736 nobis
598 3673 713 3744 dilecta,
728 3671 844 3740 Nealce,

282 3779 357 3839 quae
372 3767 401 3820 te
417 3760 512 3840 prima
528 3777 594 3820 meo
610 3765 731 3837 pectore
747 3755 929 3834 composuit:

239 3845 278 3907 sit
293 3853 376 3906 torus
392 3854 422 3906 et
436 3844 504 3906 lecti
520 3844 625 3924 genius
640 3849 811 3923 secretaque
826 3840 923 3918 longa,

987 3939 1002 3990 8
1009 3937 1021 3966 V
