2864 4344
587 121 727 176 sellulis
902 113 907 128 ¹
1168 129 1187 190 9

86 285 105 337 l
122 283 223 343 iacere
239 279 337 353 debui,
353 297 421 342 curn
437 281 516 342 farne
532 277 687 341 morerer?
702 299 740 341 an
752 279 885 342 videlicet
896 280 1029 350 audirem
1040 283 1188 344 sententi-

122 387 165 440 as,
188 367 218 429 id
242 374 289 428 est
302 365 393 428 vitrea
408 365 498 428 fracta
521 374 550 427 et
572 366 755 428 somniorum
775 364 1065 446 interpretamenta?
1093 369 1188 429 multo

122 472 172 514 me
186 451 305 532 turpior
319 469 350 513 es
364 460 400 514 tu
415 451 544 526 hercule,
567 449 617 532 qui
632 461 666 514 ut
680 452 751 514 loris
766 469 896 526 cencres,
911 463 1029 533 poetam
1044 453 1186 516 laudasti'.

208 538 311 635 itaque
327 555 363 600 ex
376 537 547 620 turpissima
559 537 610 600 lite
623 536 760 600 inrisum
773 536 869 601 dillusi
885 539 1016 620 pacatius
1028 537 1065 602 ad
1076 540 1187 621 reliqua

92 641 304 688 ssecessrmus

642 733 661 769 il·

208 811 315 856 rursus
335 793 365 855 in
390 792 564 858 memoriam
585 802 738 857 revocatus
759 793 886 858 iniuriae
906 794 1037 876 ‘Ascylte’
1067 797 1190 880 inquam

125 879 278 960 ‘intellego
298 879 385 942 nobis
402 880 558 942 convenire
573 897 635 941 non
651 899 748 962 posse.
779 881 879 960 itaque
901 899 1075 944 communes
1098 884 1189 944 sarci-

124 968 210 1030 nulas
222 967 388 1047 partiamur
395 985 428 1028 ac
439 973 642 1047 paupertatem
654 973 788 1029 nostram
800 965 922 1047 privatis
934 967 1105 1048 quaestibus
1119 978 1188 1030 ten-

124 1062 222 1116 ternus
243 1051 398 1132 expellere.
429 1059 458 1114 et
477 1059 511 1115 tu
532 1051 633 1114 literas
655 1053 711 1114 scis
733 1060 763 1113 et
785 1069 848 1132 ego.
879 1069 917 1114 ne
937 1053 1106 1134 quaestibus
1128 1054 1188 1117 tuis

83 1150 108 1199 lu
125 1139 254 1208 obstem,
270 1137 348 1198 aliud
369 1137 479 1219 aliquid
490 1138 663 1219 promittam
671 1160 681 1213 3¹
700 1135 808 1218 alioqui
830 1137 911 1200 mille
932 1157 1036 1200 causae
1058 1139 1189 1219 quotidie

126 1245 180 1286 nos
196 1223 338 1287 collident
353 1231 382 1286 et
396 1241 450 1304 per
464 1231 558 1286 totam
573 1222 679 1285 urbem
693 1223 863 1285 rumoribus
878 1224 1032 1286 diilerent‘.
1062 1245 1125 1287 non
1139 1244 1188 1288 re·
1242 1295 1252 1300 ,

125 1310 240 1372 eusarit
254 1307 385 1387 Ascyltos
408 1318 439 1371 et
453 1307 560 1370 ‘hodie’
582 1309 679 1389 inquit
702 1309 779 1389 ‘quia
801 1317 944 1390 tanquam
966 1310 1132 1372 scholastici
1152 1313 1188 1374 ad

98 1413 102 1425 ·
125 1411 231 1458 cenam
246 1394 447 1475 promisimus,
471 1414 533 1456 non
555 1395 715 1476 perdamus
736 1402 866 1456 noctem.
901 1412 967 1458 oras
989 1405 1098 1470 autem,
1122 1397 1188 1476 quia

125 1482 182 1543 hoc
197 1480 279 1551 libet,
303 1489 334 1540 et
355 1479 567 1542 habitationem
589 1479 662 1542 mihi
682 1480 860 1560 prospiciam
883 1490 913 1543 et
935 1481 1024 1544 alium
1044 1482 1188 1544 fratrem'.

23 1637 24 1640 1
84 1578 108 1628 15
127 1567 258 1629 ‘tardum
274 1563 328 1628 est’
342 1565 468 1646 inquam
482 1566 610 1628 ‘dillerre
626 1567 706 1646 quod
720 1565 824 1647 placet’

511 1687 512 1692 =
642 1669 661 1706 li·

211 1738 289 1799 banc
297 1743 358 1798 tarn
366 1735 556 1818 praecipitem
565 1737 739 1800 divisionem
746 1735 837 1799 libido
848 1737 989 1813 faciebam
1004 1738 1188 1800 iamdudum

23 1867 25 1876 ‚
125 1823 207 1886 enim
228 1821 344 1884 amoliri
366 1821 522 1902 cupiebam
542 1824 696 1885 custodem
719 1824 893 1898 molestum,
914 1832 948 1886 ut
968 1833 1097 1887 veterem
1120 1842 1188 1886 oum

23 1939 24 1944 ¹
126 1911 234 1972 Gitone
249 1927 316 1970 rneo
330 1908 475 1971 rationem
490 1909 665 1971 reducerem

437 2020 441 2028 ’
640 2020 659 2056 ¹1·

213 2088 370 2162 postquam
392 2080 514 2142 lustravi
529 2079 620 2142 oculis
641 2090 734 2143 totam
756 2079 870 2153 urbem,
893 2081 925 2142 in
949 2081 1082 2145 cellulam
1102 2081 1187 2155 redii,
1291 2116 1305 2152 ,

83 2170 112 2230 ld
127 2165 298 2246 osculisque
312 2166 433 2227 tandem
448 2164 524 2228 bona
539 2164 599 2227 lide
621 2166 730 2228 exactis
753 2166 838 2245 alligo
853 2167 1007 2229 artissimis
1029 2167 1188 2248 compleri·
1203 2165 1238 2224 11

126 2255 182 2316 bus
209 2269 337 2332 puerum
358 2253 502 2332 fruorque
522 2251 598 2314 votis
621 2269 714 2332 usque
737 2252 774 2312 ad
795 2251 935 2314 invidiam
959 2253 1100 2317 felicibus.
1134 2272 1190 2315 nec

127 2339 225 2402 adhuc
240 2337 359 2418 quidem
376 2337 475 2400 omnia
491 2346 576 2400 erant
590 2338 676 2416 fucta,
692 2356 760 2400 cum
772 2338 903 2417 Ascyltos
917 2339 1021 2401 furtim
1033 2359 1065 2402 se
1077 2338 1189 2400 loribus

127 2423 259 2487 admovit
271 2422 470 2504 discussisque
485 2424 645 2486 fortissime
661 2423 798 2486 claustris
819 2424 934 2486 invenit
949 2444 997 2486 me
1016 2426 1189 2494 cumfratre

126 2511 291 2573 ludentem.
331 2508 392 2570 risu
412 2510 512 2589 itaque
531 2511 696 2590 plausuque
717 2509 851 2570 cellulam
873 2509 1021 2590 implevit,
1054 2521 1189 2590 opertum
1262 2537 1269 2548 ·

83 2612 110 2664 25
128 2617 176 2660 me
192 2595 319 2658 amiculo
336 2593 443 2657 evolvit
465 2604 494 2656 et
511 2595 591 2676 ‘quid
614 2594 729 2674 agebas’
751 2594 849 2675 inquit
869 2595 970 2657 ‘irater
993 2595 1190 2670 sanctissime,

128 2681 179 2763 qui
194 2680 301 2744 diverti
322 2680 558 2760 contubernium
574 2677 679 2745 facisi'
704 2697 761 2741 nec
775 2698 807 2741 se
820 2680 915 2741 solurn
928 2681 1005 2742 intra
1017 2682 1105 2743 verba
1114 2678 1189 2743 'con-

127 2767 228 2839 tinuit
244 2767 297 2828 sed
311 2767 409 2828 lorum
425 2767 461 2828 de
482 2785 552 2848 pera
568 2765 654 2828 solvit
677 2776 706 2828 et
720 2784 769 2827 rne
791 2766 887 2847 coepit
908 2784 968 2828 non
989 2767 1190 2847 perfunctorie

127 2854 295 2926 verberare,
318 2851 439 2914 adiectis
456 2853 543 2914 etiam
559 2850 759 2934 petulantibus
774 2851 875 2915 dictis:
899 2853 952 2915 ‘sic
967 2853 1100 2915 dividere
1123 2871 1190 2914 curn

127 2939 219 3002 fratre
235 2935 337 3000 nolito’
414 2999 425 3015 ,

641 3041 660 3078 ll·

84 3121 111 3170 su
129 3107 141 3118 ”
214 3107 408 3170 veniebamus
423 3108 455 3171 iu
470 3109 569 3170 forum
585 3109 739 3173 deficiente
755 3107 813 3170 iarn
829 3107 885 3182 die,
901 3107 933 3168 in
949 3128 1008 3189 quo
1023 3109 1190 3172 notavimus
1204 3145 1209 3169 t

128 3195 329 3276 frequentiam
344 3211 445 3256 rerum
460 3194 617 3269 venalium,
640 3212 703 3259 uon
719 3193 839 3275 quidem
863 3194 1061 3272 pretiosarum
1077 3193 1128 3256 sed
1144 3204 1190 3257 ta·
1206 3197 1244 3258 12
1313 3209 1314 3218 ¹

128 3299 197 3344 men
212 3297 340 3361 quarum
355 3280 444 3342 fidem
460 3280 536 3341 male
552 3282 753 3344 ambulantem
770 3278 933 3341 obscuritas
950 3280 1094 3360 temporis
1108 3281 1191 3342 laoil-

127 3368 196 3430 liure
212 3373 334 3446 tegeret.
364 3383 432 3428 curn
448 3383 518 3446 ergo
534 3375 563 3427 et
577 3366 635 3446 ipsi
654 3375 770 3448 raptum
787 3363 940 3426 latrocinio
961 3366 1081 3445 pallium
1104 3365 1190 3427 dctu-

128 3453 276 3524 lissemus,
288 3452 332 3513 uti
344 3450 497 3513 occasione
506 3453 755 3532 opportunissima
768 3451 919 3532 coepimus
927 3457 1016 3530 atque
1024 3452 1055 3512 in
1063 3453 1191 3531 quodam

84 3551 111 3602 35
127 3538 235 3618 eugub
251 3536 387 3598 laciniam
404 3546 567 3599 extremum
590 3548 755 3610 concutere,
779 3536 908 3616 siquem
928 3536 1005 3598 iorte
1026 3546 1191 3617 emptorem

130 3625 270 3705 splendor
285 3623 376 3684 vestis
390 3632 492 3703 posset
507 3623 663 3687 adducere.
694 3642 750 3686 neo
765 3622 816 3683 diu
831 3630 964 3683 moratus
979 3623 1106 3684 rusticus
1123 3623 1190 3704 qui-

23 3755 24 3792 ,
130 3711 196 3772 dam
212 3708 364 3771 familiaris
380 3709 472 3771 oculis
489 3709 562 3772 meis
578 3729 645 3772 curn
658 3708 828 3772 muliercula
842 3707 947 3769 comite
958 3707 1079 3790 propius
1091 3729 1191 3770 acces-

197 3841 330 3894 2vitream
341 3840 447 3894 lractun
460 3840 470 3911 1
484 3845 512 3896 11
521 3839 636 3895 delerent
649 3841 658 3912 11
672 3843 705 3900 ld
714 3843 823 3913 aliquem
836 3841 845 3912 11
861 3841 891 3895 18
903 3843 1053 3896 deducerem
1066 3840 1076 3912 1
1089 3841 1121 3894 26
1132 3843 1191 3911 quid

23 3965 26 3992 ‚
132 3914 158 3965 .i.
170 3911 442 3964 vertieortuhernium.
462 3915 524 3981 puto
536 3913 567 3964 de
580 3912 694 3966 divertio
