2860 4340
587 135 730 217 sarrano
1131 96 1196 203 tot¹
1220 97 1222 102 ¹

85 303 106 355 L
125 296 241 378 pariter
256 303 396 357 extensos
411 278 506 374 porris
522 291 648 372 apioque
663 291 826 368 lustrasset,
847 291 994 356 abellanas
1015 312 1108 358 nuces
1124 313 1191 360 curn

123 383 301 465 precatione
317 380 420 441 mersit
435 379 467 440 in
483 378 594 440 vinum.
617 387 646 439 et
661 377 721 439 sive
736 377 768 439 in
783 397 935 440 summum
951 378 1108 451 redierant,
1131 381 1192 442 sive

123 467 335 539 subsederant,
363 485 397 526 ex
418 466 475 526 boc
490 464 622 528 coniecta
638 461 764 526 dicebat.
794 483 850 526 nec
875 483 923 526 me
946 464 1065 526 fallebat
1087 466 1191 528 inanes
1265 503 1268 512 ι

124 554 240 617 scilicet
256 571 290 614 ac
305 552 368 613 sine
380 551 507 614 medulla
523 557 660 612 ventosas
676 568 766 610 nuces
787 550 819 610 in
841 568 959 611 summo
976 551 1101 612 humore
1116 571 1192 616 con·

94 656 108 704 5
128 641 241 712 sistere,
258 657 360 718 graves
376 645 475 699 autem
491 642 521 698 et
535 637 638 717 plenas
650 635 767 716 integro
779 635 879 697 fructu
894 635 931 696 ad
946 631 1003 697 irira
1021 637 1128 700 deferri

646 747 666 784 tt

211 828 333 889 recluso
348 835 471 907 pectore
486 825 612 888 extraxit
628 800 821 886 fartissininm
836 825 918 888 iecur
934 801 963 886 et
976 825 1046 888 inde
1058 827 1133 889 mihi
1144 830 1192 890 fu·

127 925 193 978 tura
214 912 369 994 praedixit
399 912 501 984 immo,
528 929 567 972 ne
592 911 672 991 quod
696 910 852 990 vestigium
872 910 990 974 sceleris
1012 922 1191 992 superesset,

126 1010 225 1064 totum
242 1017 380 1062 anserem
395 998 554 1060 laceratum
571 997 698 1060 verubus
714 997 835 1058 confixit
849 997 1008 1078 epulasque
1024 998 1112 1062 etiam
1127 1002 1191 1062 lau-

125 1097 169 1151 tas
185 1086 276 1168 paulo
293 1092 372 1158 ante,
388 1091 422 1148 nt
436 1085 500 1164 ipsa
515 1083 640 1155 dicebat,
655 1082 788 1162 perituro
802 1083 923 1162 paravit.

80 1273 107 1324 to
214 1263 356 1328 volabant
369 1263 450 1328 inter
463 1264 538 1325 haec
551 1263 689 1344 potiones
704 1281 840 1325 meracae

645 1367 664 1403 ll·

214 1435 331 1518 profert
346 1433 499 1497 Oenothea
516 1441 665 1496 scorteum
682 1433 837 1511 fascinum,
861 1435 938 1513 quod
955 1443 988 1496 ut
1004 1437 1068 1497 oleo
1092 1443 1121 1497 et
1136 1436 1262 1498 nii-138

124 1531 202 1591 nuto
218 1523 325 1604 pipere
347 1528 435 1600 atque
456 1519 568 1584 urticae
590 1520 660 1582 trito
684 1520 876 1584 circumdedit
901 1521 1024 1596 semine,
1051 1521 1193 1601 paulatim

124 1609 225 1698 coepit
239 1609 374 1670 inserere
391 1626 448 1668 ano
463 1625 541 1668 meo.

212 1785 272 1848 boc
286 1780 490 1844 crudelissima
505 1799 581 1842 anus
595 1779 705 1860 spargit
718 1776 846 1840 subinde
861 1779 987 1840 humore
1002 1779 1113 1842 femina
1127 1799 1193 1842 ruea

645 1885 664 1922 ll·

80 1985 112 2035 15
217 1972 363 2036 nasturcii
377 1988 483 2034 sucum
500 1987 567 2032 cum
583 1969 748 2031 habrotono
764 1968 871 2032 miscet
892 1968 1081 2049 perfusisque
1096 1969 1195 2050 ingni-

131 2059 217 2124 nibus
233 2059 311 2121 meis
327 2057 428 2119 viridis
445 2055 557 2118 urticae
572 2057 682 2117 fascem
699 2055 926 2135 comprehendit
942 2056 1102 2136 omniaque
1116 2056 1195 2118 infra

128 2145 301 2211 umbilicum
318 2144 414 2223 coepit
428 2141 507 2204 lenta
522 2157 612 2205 manu
628 2141 750 2203 caedere

647 2245 667 2285 a
1022 2247 1041 2288 c

214 2333 349 2398 aniculae
367 2330 500 2413 quamvis
516 2331 628 2394 solutae
644 2349 728 2392 mero
749 2349 783 2392 ac
801 2327 921 2391 libidine
936 2338 1045 2412 essent,
1071 2328 1192 2391 eandem

127 2423 204 2486 viam
220 2426 341 2482 tentant
356 2427 386 2480 et
401 2437 455 2499 per
469 2417 581 2497 aliquot
595 2417 673 2478 vicos
689 2426 808 2478 secutae
823 2415 989 2493 fugientem
1005 2417 1128 2494 ‘prende
1142 2419 1192 2477 fn-

78 2519 109 2567 20
127 2507 201 2571 rem’
218 2507 357 2572 clamant.
388 2504 467 2566 evasi
488 2511 589 2564 tamen
612 2502 750 2564 omnibus
776 2499 875 2580 digitis
902 2500 980 2560 inter
999 2501 1191 2581 praecipitem
1222 2489 1225 2496 ’

125 2597 289 2657 decursum
304 2591 464 2653 cruentatis

649 2691 669 2727 tt·

213 2780 353 2860 ‘Chrysis
370 2797 444 2860 quae
455 2777 587 2859 priorem
598 2775 749 2838 fortunam
761 2782 844 2836 tuam
856 2772 968 2846 oderat,
983 2772 1112 2837 hancvel
1124 2793 1190 2836 cum

126 2867 261 2951 periculo
277 2865 378 2946 capitis
392 2864 531 2946 persequi
546 2860 683 2925 destinat'

641 2971 668 3012 'it

215 3061 298 3143 ‘quid
312 3059 382 3122 hnic
394 3059 510 3122 formae
522 3064 572 3120 aut
583 3055 712 3118 Ariadne
722 3051 827 3116 habuit
835 3059 886 3114 aut
894 3051 973 3114 Leda
985 3049 1107 3114 simile?
1123 3053 1193 3132 qnid

82 3162 110 3213 25
127 3157 234 3214 contra
248 3149 326 3211 hanc
340 3146 462 3216 Helene,
478 3143 550 3223 quid
566 3142 665 3204 Venus
680 3135 808 3219 posset?
822 3138 886 3217 ipse
901 3136 995 3210 Paris,
1018 3137 1142 3200 dearum
1156 3139 1193 3200 li-

125 3233 328 3300 bidinantium
342 3232 441 3304 iudex,
468 3229 495 3292 si
508 3229 585 3291 hane
605 3227 638 3289 in
654 3224 873 3306 comparatione
893 3222 1014 3285 vidisset
1029 3231 1089 3286 tam
1106 3231 1193 3305 petu-

126 3321 258 3386 lantibus
274 3318 376 3396 oculis,
393 3323 423 3382 et
436 3315 570 3378 Helenen
585 3313 655 3390 huic
666 3313 806 3375 donasset
821 3318 851 3371 et
863 3311 942 3370 deas.
973 3308 1077 3372 saltem
1089 3310 1114 3372 si
1124 3329 1193 3390 per·

127 3409 301 3471 mitteretur
316 3405 451 3466 osculum
466 3419 581 3482 capere,
604 3399 629 3462 si
649 3398 724 3460 illud
745 3395 872 3458 caeleste
893 3413 926 3459 ac
940 3393 1075 3458 divinum
1089 3405 1194 3478 pectus

127 3492 282 3577 amplecti;
309 3489 436 3552 forsitan
458 3487 570 3549 rediret
589 3486 646 3547 hoc
666 3501 773 3563 corpus
793 3483 830 3543 ad
844 3481 921 3542 vires
945 3487 974 3540 et
987 3481 1195 3561 resipiscerent

81 3598 111 3650 an
128 3587 229 3662 partes
249 3576 402 3650 veneficio,
425 3575 521 3648 credo,
544 3572 665 3652 sopitae.
695 3588 751 3632 nec
777 3587 826 3629 me
848 3566 1044 3630 contumeliae
1065 3568 1191 3630 lassant:

199 3776 211 3825 1
225 3771 357 3824 avellanas
370 3767 379 3836 l
393 3767 407 3818 3
420 3769 466 3819 hnc
478 3766 626 3819 coniectura
638 3762 648 3834 [1
661 3765 676 3815 6
688 3761 855 3826 fortissimum
868 3761 878 3831 ΙΙ
892 3757 1134 3827 ldboosrustolom
1145 3759 1193 3812 du·

128 3845 179 3894 bito
196 3857 231 3891 on
247 3839 307 3892 olim
322 3839 406 3905 fuerat
421 3839 486 3888 nor
502 3835 593 3888 miscet
612 3837 637 3885 et
655 3830 942 3902 perfusis152positnm
959 3828 968 3898 ll
980 3829 1025 3898 25,
1036 3828 1192 3892 litigantium

129 3911 216 3964 Dorcea
229 3907 238 3976 ΙΙ
252 3909 285 3959 29
297 3907 483 3959 reviviscerent
497 3903 607 3956 Batavus
618 3899 711 3968 alequia

217 3988 226 4012 0
