2864 4344
211 148 251 210 28
661 145 816 200 Purncull

210 302 352 366 urceatim
367 302 518 383 plorebat:
540 310 591 365 aut
609 309 684 365 tunc
698 309 749 364 aut
769 319 937 382 nunquam:
962 309 992 364 et
1012 319 1115 365 omnes
1137 303 1274 366 redibant
1293 309 1324 360 Η

209 388 261 452 udi
275 396 418 468 tanquam
430 406 540 450 mures.
574 388 675 468 itaque
689 388 729 450 dii
744 388 833 468 pedes
848 388 962 450 lanatos
984 388 1104 462 babent,
1126 390 1195 469 quia
1217 407 1275 453 nos

208 474 340 554 religiosi
355 491 417 535 non
431 491 549 536 sumus
582 474 643 553 agri
657 473 765 535 iacent'
780 507 823 518 -

156 558 196 618 45
296 566 359 622 ‘oro
374 559 414 621 te
432 559 656 641 inquitEcbion
678 559 868 622 centonarius
883 558 1166 638 ‘meliusloquere‘
1170 561 1271 622 ‘modo

53 639 57 649 '
207 645 259 718 sic,
270 645 395 707 modo
371 644 422 708 sie
426 645 542 727 mqurt
552 645 696 719 rusticus
710 663 825 706 varrum
834 663 957 726 porcum
967 645 1144 725 perdiderat.
1164 642 1272 727 {quod
1282 655 1353 710 5HL

206 730 295 793 bodie
311 738 441 803 nonest,
458 749 522 794 cras
538 731 608 792 erit.
629 731 673 793 sic
686 731 746 792 vita
761 723 900 792 truditur.
920 727 925 813 Ι
945 747 1007 791 nou
1022 730 1205 793 mehercules
1220 748 1321 812 par!

207 817 264 878 tria
279 816 453 878 melicrdici
464 824 572 898 potest,
589 817 614 878 si
626 816 761 877 homines
773 815 905 878 baberet.
932 815 985 878 sed
997 815 1111 877 laborat
1123 818 1180 878 boo
1194 824 1276 879 tem-

206 922 289 983 pore,
305 921 361 964 nec
375 903 447 965 baec
462 903 531 965 sola.
564 920 627 964 nou
642 903 787 964 debemus
801 901 916 964 delicati
932 920 1009 973 esse,
1030 901 1141 981 ubique
1155 903 1274 965 medius

207 990 305 1051 caelus
322 996 376 1050 est.
409 996 443 1050 tu
458 989 483 1050 si
499 987 588 1049 aliubi
602 987 702 1061 fueris,
719 987 798 1049 dices
814 987 863 1048 bic
876 1005 983 1068 porcos
995 994 1096 1049 coetos
1112 989 1274 1052 ambulare.

206 1083 237 1136 et
251 1094 319 1136 ecce
333 1073 463 1136 babituri
478 1091 581 1136 sumus
597 1091 708 1135 munus
724 1073 886 1135 excellente
900 1074 932 1135 in
946 1073 1047 1135 triduo
1063 1073 1110 1134 die
1125 1074 1215 1147 festa3
1227 1074 1273 1136 ia·
1295 1085 1330 1138 ιιι

206 1160 285 1223 milia
300 1178 363 1221 non
374 1158 525 1231 lanistieia,
541 1158 593 1220 sed
605 1159 727 1239 plurimi
739 1159 846 1221 liberti.
878 1166 908 1220 et
918 1159 1003 1220 Titus
1015 1166 1119 1222 noster
1130 1177 1273 1239 magnum

206 1247 339 1307 animum
356 1244 444 1306 babet
459 1252 549 1306 otest
564 1244 805 1307 caldicerebrius:
823 1252 874 1306 aut
888 1245 946 1306 boc
961 1252 1012 1306 aut
1027 1243 1098 1306 illud
1114 1245 1179 1318 erit,
1201 1246 1274 1327 quid

205 1332 318 1411 utique.
349 1349 419 1392 uam
434 1330 475 1391 illi
491 1330 671 1392 domesticus
687 1349 764 1405 sum,
780 1339 903 1392 nonest
918 1329 1029 1392 miscir.
1064 1330 1177 1392 ferrum
1193 1332 1274 1412 opti-

206 1435 291 1479 mum
307 1418 430 1478 daturus
447 1422 501 1488 est,
518 1417 584 1478 sine
598 1415 678 1496 fuga,
694 1415 861 1478 carnarium
876 1415 906 1476 in
924 1416 1030 1488 medic,
1052 1423 1086 1476 ιιι
1101 1416 1272 1496 amphithe-

205 1510 303 1564 atrum
319 1502 426 1563 videat.
440 1499 478 1563 ¹et
491 1501 583 1564 habet
598 1501 692 1563 unde:
708 1501 844 1564 relictum
858 1510 906 1563 est
920 1501 961 1563 illi
976 1501 1147 1565 sestertium
1162 1502 1274 1564 tricen-
1294 1517 1327 1566 15

203 1588 270 1661 ties,
286 1587 413 1650 decessit
427 1587 506 1649 illius
520 1595 613 1668 pater,
630 1588 714 1649 male.
748 1597 781 1649 ut
797 1587 1014 1667 quadringenta
1029 1587 1192 1666 impendat,
1209 1607 1273 1651 non

203 1673 313 1736 sentiet
327 1673 542 1753 patrimonium
558 1672 647 1747 illius,
658 1679 687 1734 et
699 1672 882 1752 sempiterno
895 1671 1109 1734 nominabitur.
1139 1673 1197 1734 iam
1209 1673 1274 1736 Ma·

204 1760 271 1822 nics
285 1759 398 1840 aliquot
408 1758 498 1820 habet
509 1765 539 1820 et
550 1758 705 1821 mulierem
720 1757 899 1820 essedariam
911 1765 941 1819 et
953 1757 1188 1838 dispensatorem
1201 1760 1272 1839 Gly-

204 1845 296 1917 conis,
321 1845 371 1924 qui
386 1845 591 1924 deprehensus
615 1852 670 1917 est,
694 1863 762 1906 cum
778 1844 930 1907 dominam
956 1861 1041 1905 suam
1060 1843 1270 1907 delectaretur.

203 1930 317 1992 videbis
333 1930 434 2026 populi
449 1931 544 1990 rixam
555 1931 634 1990 inter
645 1930 794 2009 zelotypos
806 1937 836 1990 et
848 1930 1078 1992 amasiuneulos.
1112 1930 1200 2010 Glyco
1216 1949 1271 1992 au·
1290 1943 1324 1995 20

203 2023 274 2086 tem,
293 2015 494 2077 sestertiarius
515 2016 614 2087 bomo,
637 2015 877 2094 dispensatorem
898 2015 934 2075 ad
957 2015 1068 2077 bestias
1086 2014 1177 2076 dedit.
1213 2017 1272 2079 boc

203 2109 248 2163 est
263 2119 295 2162 se
310 2101 437 2181 ipsumt
424 2101 589 2162 t.raducere
626 2100 697 2180 quid
721 2119 824 2162 servus
846 2100 987 2180 peccavit,
1014 2100 1065 2179 qui
1085 2109 1204 2162 coactus
1225 2111 1271 2166 est

202 2183 323 2249 lacere?
354 2186 447 2265 magis
462 2178 510 2248 illa
525 2186 643 2247 matella
656 2186 743 2265 digna
758 2186 825 2257 luit,
842 2205 931 2266 quam
943 2192 1045 2248 taurus
1061 2186 1193 2249 iactaret.
1217 2189 1270 2250 sed

203 2273 255 2354 qui
271 2271 389 2335 asinum
405 2289 468 2332 non
483 2278 602 2352 potest„
611 2278 738 2333 stratum
754 2271 859 2334 caedit.
894 2273 965 2352 quid
982 2277 1082 2334 autem
1103 2272 1191 2351 Glyco
1212 2291 1270 2356 pu-

201 2358 283 2421 tabat
270 2357 489 2436 tHermoganis
504 2357 612 2418 filicem
628 2375 761 2438 unquam
776 2358 888 2420 bouum
907 2358 1019 2420 exitum
1034 2353 1200 2420 lactur·?am
1221 2359 1270 2422 ille
1288 2375 1323 2426 25

203 2445 291 2506 milvo
306 2444 477 2506 volantit
425 2461 464 2524 po
465 2448 542 2505 terat
553 2461 671 2522 ungues
683 2461 831 2516 resecare3
848 2441 967 2505 colubra
986 2450 1096 2506 restem
1109 2461 1171 2505 non
1182 2445 1269 2523 parit.

203 2529 302 2610 Glyco,
318 2530 407 2610 Glyco
423 2529 606 2604 deditsuas3
628 2529 728 2610 itaque
749 2529 892 2609 quamdiu
913 2529 1029 2601 vixerit,
1051 2527 1173 2590 babebit
1194 2527 1269 2608 stig-

202 2635 292 2688 mam,
307 2633 365 2677 nec
379 2616 459 2677 illam
475 2614 532 2677 nisi
548 2615 642 2677 Orous
658 2614 775 2676 delebit.
798 2615 851 2676 sed
866 2614 922 2676 sibi
938 2615 1065 2695 quisque
1076 2620 1187 2694 peccat.
1214 2616 1268 2677 sed

201 2701 375 2774 subolfacio,
392 2700 471 2781 quod
488 2700 573 2762 nobis
589 2702 710 2781 epulum
723 2701 845 2762 daturus
860 2708 906 2761 est
917 2701 1089 2773 blammaea,
1111 2699 1196 2762 binos
1212 2700 1266 2761 de·

201 2787 302 2850 uarios
319 2787 392 2847 mibi
408 2793 438 2847 et
453 2787 536 2848 meis.
567 2787 648 2866 quod
663 2787 688 2846 si
702 2786 760 2847 boc
772 2786 884 2858 lecerit,
902 2786 1008 2864 eripiat
1019 2786 1158 2847 Norbano
1170 2793 1215 2847 tot
1203 2794 1268 2848 turm
1286 2805 1321 2857 ³0

201 2876 344 2934 savorem.
378 2872 452 2932 scias
464 2879 552 2951 oport
540 2878 593 2942 tet,
608 2870 703 2951 plenis
716 2871 788 2932 velis
800 2870 1082 2932 hunevinciturum.
1109 2879 1138 2932 et
1154 2890 1268 2946 revera,

200 2956 272 3038 quid
293 2957 342 3018 ille
365 2956 453 3018 nobis
473 2956 544 3046 boui
564 2953 657 3018 lecit?
691 2956 773 3018 dedit
793 2956 969 3056 gladiatores
991 2955 1187 3018 sestertiarios
1209 2958 1268 3020 iam

201 3043 378 3124 decrepitos,
394 3062 470 3123 quos
486 3061 511 3104 sr
503 3042 687 3114 sufflasses
704 3042 920 3118 cecidissent3‘
911 3060 970 3104 ram
982 3042 1119 3104 meliores
1130 3041 1267 3105 bostran

201 3147 234 3191 cs
248 3128 317 3191 vidi.
352 3128 459 3190 occidit
474 3129 511 3190 de
525 3128 646 3190 lucerna
663 3129 788 3209 equites,
804 3131 925 3209 putares
941 3147 993 3191 eos
1004 3130 1095 3206 gallos
1110 3127 1269 3208 gallinace-

201 3235 250 3289 os3
266 3214 339 3276 alter
353 3214 545 3288 burdubasta,
568 3214 642 3276 alter
655 3213 774 3293 loripes,
795 3215 946 3277 tertiarius
962 3223 1097 3276 mortuus
1112 3232 1168 3294 pro
1183 3233 1266 3276 mor·
1285 3230 1319 3284 ³5

200 3309 262 3373 tuo,
285 3300 335 3381 qui
354 3298 483 3362 habebat
505 3299 606 3362 nervia
625 3300 767 3380 praecisa.
808 3319 886 3362 unus
912 3300 1035 3362 alicuius
1062 3301 1184 3362 llaturae
1210 3301 1268 3363 luit

200 3386 326 3458 Tbraex,
350 3386 401 3466 qui
422 3386 535 3466 etipse
558 3384 593 3446 ad
610 3385 717 3447 dictata
737 3387 888 3466 pugnavit.
920 3387 954 3449 ad
977 3403 1134 3459 summam,
1161 3403 1267 3450 omnes

199 3478 305 3552 postea
321 3472 394 3533 secti
409 3479 495 3546 sunt3
510 3470 583 3533 adeo
600 3470 637 3532 de
652 3489 758 3549 magna
770 3471 857 3533 turba
881 3469 1056 3532 “adhibete'‘
1078 3481 1263 3552 acceperant,

200 3557 287 3638 plane
302 3557 388 3636 fugae
400 3574 509 3618 merae.
544 3562 674 3618 “munus
694 3556 814 3620 tameu”
835 3557 933 3637 inquit
956 3557 1029 3620 “tibi
1045 3557 1139 3630 dedi',
1163 3564 1194 3619 et
1210 3577 1264 3638 ego

146 3641 186 3704 46
199 3642 253 3705 tibi
267 3641 366 3723 plodo.
407 3649 556 3723 computa,
575 3650 604 3704 et
618 3641 671 3704 tibi
686 3642 753 3722 plus
769 3644 808 3704 do
824 3659 914 3724 quam
924 3642 1038 3724 accepi
1072 3662 1179 3706 manus
1198 3663 1264 3706 ma·
1283 3655 1318 3708 ιο

268 3837 280 3887 1
295 3832 414 3886 ridebant
425 3840 454 3885 ιιι
465 3833 503 3885 dii
516 3831 585 3902 lis
538 3835 553 3884 'l
581 3837 678 3885 ortorse
691 3834 832 3900 saperent
821 3831 832 3898 Ι
847 3833 877 3886 12
890 3833 954 3900 quod
968 3829 977 3900 ll
990 3833 1022 3884 25
1035 3833 1263 3887 flliamcditorl'o·
1363 3847 1368 3862 ⁸

198 3906 298 3955 taciem
311 3901 320 3970 {l
334 3903 366 3954 27
379 3919 439 3954 suos
452 3835 598 3971 Sebofferua
610 3900 620 3970 ΙΙ
634 3899 665 3954 36
678 3903 754 3953 babet
766 3900 775 3968 ΙΙ
788 3900 903 3953 staturae
916 3899 1062 3967 Sebeffsrns
