2860 4340
193 141 235 202 73
648 137 803 190 rmuonn

279 379 408 441 menihil
416 379 675 459 magispungebat,
687 319 777 460 quam
784 398 826 441 ne
833 381 996 460 Eumolpus
1007 380 1160 452 sensisset,
1172 381 1257 460 quic·
1276 387 1299 438 ι

194 465 265 544 qnid
280 465 352 527 illud
367 465 473 538 iuerat,
489 473 519 526 et
533 466 624 528 homo
639 467 841 529 dicacissimus
856 467 1039 529 carminibus
1053 465 1216 528 vindicaret

279 636 357 697 iurat
370 635 534 717 Eumolpus
550 637 646 700 verbis
661 577 900 717 conbeptissimis

710 756 731 792 Ι·

126 797 187 858 114
280 808 351 868 dnm
368 807 439 870 baec
452 807 578 887 taliaque
592 808 745 882 iactamus,
768 809 918 870 inhorruit
932 827 1014 870 mare
1028 807 1185 887 nubesque
1199 825 1258 868 un-

196 892 286 972 dique
304 893 452 954 adductae
477 893 604 955 obruere
624 895 754 956 tenebris
775 894 865 956 diem.
899 895 1072 956 discurrunt
1090 901 1201 954 nautae
1220 893 1259 954 ad
1278 897 1294 946 ⁵

195 978 291 1039 officia
304 977 487 1058 trepidantes
499 980 619 1058 velaque
629 981 800 1060 tempestati
809 979 992 1042 subducunt
1023 981 1076 1041 sed
1092 997 1151 1040 nec
1160 987 1260 1039 certos

194 1064 303 1125 lluctns
315 1071 423 1125 ventus
438 1064 605 1143 impulerat,
620 1085 677 1127 neo
691 1086 750 1146 quo
759 1066 921 1128 destinaret
930 1083 1061 1136 cursum,
1076 1066 1260 1144 gubernator

194 1149 313 1210 sciebat.
348 1149 476 1211 Siciliam
492 1150 581 1210 modo
593 1160 700 1213 ventus
706 1153 802 1223 dabat,
818 1151 994 1231 saepissime
1009 1151 1050 1228 [in
1065 1153 1157 1228 oram]
1167 1150 1261 1211 ltaliei

194 1234 289 1296 litoris
302 1234 401 1314 aquilo
420 1253 578 1314 possessor
597 1237 788 1298 convertebat
807 1238 865 1298 hue
884 1237 954 1298 illuc
972 1236 1133 1298 obnoxiam
1152 1244 1258 1308 ratem,

193 1331 224 1381 et
237 1321 316 1399 quod
332 1319 473 1381 omnibus
487 1321 625 1400 procellis
636 1321 833 1401 periculosius
848 1332 921 1394 erat,
937 1331 998 1384 tam
1013 1322 1127 1401 spissae
1136 1329 1260 1400 repente
1280 1331 1311 1381 10

192 1405 334 1466 tenebrae
348 1406 445 1466 lucem
455 1415 693 1485 suppresserant,
715 1415 749 1469 ut
767 1427 806 1469 ne
821 1427 939 1488 proram
954 1407 1075 1487 quidem
1094 1415 1189 1467 totam
1204 1425 1260 1484 gn-

194 1491 335 1552 bernator
349 1489 472 1551 videret
508 1492 755 1572 itaquehercules
766 1501 924 1572 postquam
936 1493 1092 1554 manifesta
1116 1513 1136 1549 s
1150 1510 1261 1552 conra-

194 1575 258 1649 lnit,
277 1575 381 1638 Lichas
396 1576 549 1655 trepidans
569 1579 605 1640 ad
629 1597 677 1639 me
691 1579 814 1659 supinas
829 1579 954 1659 porrigit
974 1597 1082 1640 manus
1098 1587 1129 1639 et
1143 1577 1195 1638 ‘tu’
1211 1577 1260 1638 in·

194 1661 260 1741 quit
275 1661 417 1742 ‘Encolpi,
442 1681 583 1725 succurre
597 1664 832 1744 periclitantibus
848 1671 877 1726 et
892 1672 1004 1726 vestem
1025 1665 1106 1725 illam
1127 1664 1260 1724 divinam

193 1745 377 1828 sistrumque
394 1748 486 1809 redde
503 1750 628 1830 navigio.
661 1751 826 1830 perfidem,
838 1751 990 1823 miserere,
1006 1749 1260 1830 quemadmodum
1281 1761 1312 1811 15

214 1832 314 1894 uidem
327 1833 423 1896 soles'

193 1850 213 1912 q
278 1925 308 1980 et
322 1918 404 1980 illum
419 1918 540 1999 quidem
556 1921 768 1982 vociferantem
784 1922 816 1982 in
833 1941 915 1984 mare
928 1929 1035 1983 ventus
1051 1921 1189 1992 exmrssit,
1209 1939 1259 1982 re-

193 2004 381 2084 petitumque
406 2003 517 2066 inlesto
543 2006 659 2085 gurgite
679 2006 807 2086 procella
834 2008 1008 2086 circumegit
1033 2013 1124 2086 atque
1147 2006 1258 2067 hausit.

193 2088 398 2170 Tryphaenam
417 2097 516 2151 autem
537 2109 628 2171 prope
649 2091 708 2152 iam
811 2092 974 2154 fidelissimi
996 2100 1158 2172 rapuerunt
1172 2092 1260 2164 servi,

193 2176 377 2255 scaphaeque
393 2175 561 2256 impositam
575 2183 650 2255 :cum
664 2177 792 2240 maxima
812 2179 995 2241 sarcinarum
1010 2185 1093 2258 parte
1113 2177 1264 2240 abduxere
1279 2193 1313 2242 20

193 2260 374 2324 certissimae
390 2261 480 2323 morti

193 2436 348 2518 applicitus
363 2456 431 2499 cum
447 2438 575 2499 clamore
594 2437 660 2499 tlevi
674 2446 705 2499 et
723 2437 800 2500 ‘hoc’
821 2437 942 2519 inquam
965 2445 991 2500 ‘a
1012 2439 1068 2500 diis
1083 2437 1258 2509 meruimus,

193 2530 227 2584 ut
242 2540 297 2585 nos
312 2524 374 2585 sola
386 2531 482 2584 morte
497 2523 739 2603 coniungerent?
761 2525 814 2586 sed
830 2542 892 2586 non
906 2524 1035 2588 erudelis
1050 2523 1171 2588 fortuna
1186 2543 1259 2586 oon-

193 2608 279 2670 cedit.
314 2627 381 2671 ecce
395 2610 454 2671 iam
468 2617 563 2670 ratem
577 2609 685 2671 lluctus
702 2619 824 2685 evertet,
841 2631 908 2673 ecce
919 2613 978 2673 iam
992 2611 1144 2688 amplexus
1154 2627 1258 2673 amau·

192 2694 268 2755 tium
280 2695 388 2756 iratum
404 2695 514 2756 dividet
529 2713 621 2756 mare.
654 2695 753 2772 igitur,
770 2697 795 2758 si
811 2715 880 2757 vere
891 2693 1055 2778 Encolpion
1066 2696 1203 2768 dilexisti,
1221 2696 1257 2756 da
1276 2708 1310 2758 25

193 2781 303 2854 oscula,
318 2781 389 2841 dum
405 2781 482 2852 licet,
499 2791 525 2841 ct
540 2781 678 2840 ultimum
698 2781 756 2842 hoo
776 2782 915 2861 gaudium
937 2783 1007 2858 fatis
1026 2781 1257 2863 properantibus

192 2865 281 2945 rape!
314 2867 387 2927 haec
403 2875 436 2927 ut
449 2883 504 2944 ego
520 2866 589 2936 dixi,
611 2864 700 2926 Giton
715 2873 829 2927 vestem
844 2869 992 2947 deposuit,
1015 2887 1141 2948 meaque
1156 2867 1258 2930 tunica

192 2957 346 3012 contectus
361 2951 475 3014 exeruit
490 2951 526 3011 ad
542 2951 677 3012 osculum
692 2960 789 3031 caput.
828 2962 857 3014 et
872 2972 911 3015 ne
927 2954 969 3015 sio
984 2956 1177 3016 cohaerentes
1194 2971 1260 3014 ma-

191 3036 300 3115 lignior
315 3038 422 3098 fluctus
438 3037 625 3108 distraheret,
641 3044 802 3117 utrumque
817 3057 891 3100 zona
913 3037 1157 3101 circumvenienti
1171 3057 1258 3120 prae-

192 3122 284 3183 cinxit
300 3130 329 3184 et
345 3123 380 3184 ‘si
396 3122 469 3183 nihil
485 3122 573 3193 aliud,
596 3128 676 3183 certe
691 3123 817 3184 diutius*
834 3124 932 3204 inquit
954 3125 1081 3187 ‘iunctos
1103 3144 1159 3188 nos
1174 3139 1258 3186 mare
1277 3133 1310 3184 30

191 3207 278 3278 ieret,
294 3209 339 3268 vel
354 3208 380 3268 si
395 3209 520 3270 voluerit
531 3206 700 3268 misericors
717 3209 753 3268 ad
764 3208 843 3270 idem
855 3209 926 3271 litus
938 3211 1094 3291 expellere,
1110 3218 1161 3272 aut
1170 3227 1259 3290 prae-

192 3293 302 3354 teriens
318 3293 424 3373 aliquis
439 3293 580 3356 tralaticia
595 3292 781 3355 humanitate
797 3294 945 3373 lapidabit,
961 3303 1012 3357 aut
1027 3296 1107 3375 quod
1119 3296 1258 3358 ultimum

193 3386 237 3440 est
251 3378 333 3440 iratis
348 3379 439 3440 etiam
454 3378 601 3455 fluctibus,
624 3377 798 3457 imprudens
819 3375 928 3441 harena
948 3381 1128 3461 componet?
1162 3379 1259 3460 patior

194 3551 407 3564 m·-

263 3623 275 3675 1
290 3623 398 3688 pudebat
411 3618 420 3688 ll
433 3622 449 3675 6
462 3625 548 3674 certus
560 3621 768 3688 langermannus
781 3624 791 3692 ΙΙ
804 3627 819 3676 8
832 3625 858 3676 in
869 3639 939 3676 oraru
950 3641 1004 3678 urea
1015 3627 1091 3678 habet
1106 3623 1259 3678 Tornaesiu-

191 3705 238 3742 na:
248 3706 298 3741 oon
310 3690 428 3742 videntur
439 3693 542 3755 integro
555 3687 564 3756 ΙΙ
578 3691 593 3740 9
605 3699 701 3754 partem
715 3691 724 3760 ll
740 3693 909 3755 tuberosus]
927 3692 1007 3745 lutere
1024 3693 1134 3760 periculi
1150 3697 1260 3745 voeabu-

192 3760 246 3810 lum
255 3763 326 3825 puto,
353 3774 494 3824 uomqacnm
506 3759 644 3808 scotomiae
654 3763 798 3829 sufficiunt
813 3762 873 3811 daeo
885 3767 1017 3828 postquam
1025 3764 1104 3814 maris
1117 3764 1157 3814 ira
1165 3759 1261 3815 infesta

193 3827 326 3878 convaluit
338 3776 352 3893 π
363 3827 393 3876 14
406 3829 441 3891 et]
450 3827 475 3876 id
486 3834 526 3877 est
539 3824 547 3893 ΙΙ
564 3826 717 3891 lllsorloose
726 3830 825 3880 solebas
839 3826 848 3895 ΙΙ
863 3827 892 3878 tt
903 3832 999 3882 conieci
1008 3831 1189 3898 abreptumque
1202 3830 1213 3900 ΙΙ
1226 3834 1259 3885 23

194 3895 239 3947 ssd
251 3911 282 3946 ns
294 3896 341 3947 hoe
353 3895 454 3961 quidem
470 3895 632 3948 eoronam
644 3897 653 3965 ll
666 3899 699 3950 25
711 3899 742 3949 ad
753 3897 840 3950 orcula
852 3895 862 3964 ΙΙ
875 3897 908 3950 dd
917 3898 1004 3950 iuncta
1015 3911 1061 3950 nos
1074 3913 1142 3952 mors
