2838 4348
560 83 729 140 VARRONIS
1120 87 1177 151 191

591 241 644 303 1111
659 243 703 319 (7)

213 339 364 401 nascimur
380 339 459 402 enim
476 339 600 420 spissius
616 360 705 421 quam
717 329 887 402 emorimur.
911 339 958 402 vix
970 339 1028 401 duo
1040 339 1177 402 homines
1201 349 1249 401 333

112 427 217 488 decem
234 424 387 487 mensibus
403 425 553 488 odolaturn
573 445 669 487 unum
690 426 820 488 reddunt
838 444 975 506 puerum,
998 432 1100 488 contra
1120 443 1180 488 una

109 511 281 592 pestilentia
293 518 343 574 aut
352 511 465 574 hostica
476 513 552 576 acies
563 520 673 592 puncto
681 511 826 592 temporis
835 511 974 574 immanis
986 512 1181 574 acervoslacit

338 703 451 756 Nloscts
471 702 548 770 Qvln
566 701 696 758 vusrutt
714 701 819 755 SERVS
837 703 951 758 VEHAT

211 916 401 999 lepidissimus
418 919 490 982 libor
504 929 544 981 333
564 917 602 979 M.
624 917 763 980 Varronis
783 938 820 982 era
840 919 938 980 3333313
958 915 1110 998 Menippeis
1130 921 1181 998 qni
1201 935 1250 986 333

106 1006 279 1067 inscribitur
292 1005 389 1068 nescis
405 1005 476 1085 quid
490 1023 595 1085 vesper
609 1024 694 1067 serus
710 1006 806 1078 vehat,
822 1008 853 1066 in
869 1022 923 1086 qno
939 1005 1050 1066 disserit
1065 1005 1098 1066 te
1113 1017 1178 1084 apto

108 1095 301 1152 convivorum
320 1109 439 1152 nantero
461 1092 546 1172 depae
568 1093 656 1170 ipsias
671 1093 801 1170 {conanti
819 1090 918 1152 bobitn
942 1090 1082 1170 cnltnqtn.
1113 1091 1179 1152 dicit

108 1188 206 1239 antone
222 1181 408 1239 convivornrn
427 1195 582 1238 nnmernrn
600 1179 723 1255 inrepere
743 1187 871 1256 oportere
892 1196 911 1238 a
933 1173 1102 1238 Gratiarum
1123 1195 1180 1236 na-

106 1281 187 1325 rnero
203 1273 232 1324 et
243 1263 384 1344 proprebi
397 1263 434 1324 ad
445 1261 606 1333 1133333333,
622 1263 651 1323 id
661 1263 854 1343 estprofieicei
863 1281 882 1323 a
892 1263 982 1324 tribas
993 1272 1020 1324 et
1030 1265 1180 1325 concinere

108 1355 139 1411 in
159 1368 275 1422 novem,
301 1358 334 1410 nt
354 1352 602 1428 componuntnr·
623 1351 756 1409 convivae
777 1359 853 1420 sant,
874 1367 933 1410 non
954 1352 1105 1428 panciores
1125 1351 1181 1409 31333

109 1455 196 1516 quarn
211 1446 277 1507 tres,
298 1434 508 1514 complurimi,
528 1453 587 1495 non
606 1434 705 1514 plnres
725 1452 810 1514 qnam
829 1451 939 1496 nocem.
977 1451 1047 1496 narn
1069 1434 1178 1495 multos
1202 1441 1252 1494 334

107 1525 200 1602 inquit
215 1539 281 1582 3333
296 1538 359 1581 non
375 1521 522 1594 convenit,
543 1520 623 1600 quod
638 1521 726 1582 turbo
740 1519 914 1601 plerumque
930 1529 976 1582 cst
995 1519 1177 1591 turbulenta,

110 1614 138 1668 et
158 1608 272 1668 Romae
293 1606 411 1686 quidem
432 1614 499 1680 3333,
527 1606 611 1668 sedet
631 1605 765 1680 Athenis,
791 1623 939 1686 nusquam
960 1613 1060 1667 autem
1079 1605 1176 1666 cubat.

76 1723 83 1736 ·
108 1693 209 1772 ipsum
226 1691 334 1754 deinde
351 1692 518 1755 convivium
531 1697 647 1753 constat
657 1695 750 1772 inanit
764 1711 799 1752 ex
811 1691 902 1753 rebus
914 1699 1054 1772 quattuor
1070 1698 1099 1752 33
1112 1698 1176 1751 turn
1199 1695 1249 1746 333

113 1779 241 1858 denique
260 1776 401 1840 omnibus
416 1778 477 1840 suis
492 1779 626 1839 numeris
642 1778 810 1840 ahsolutum
823 1784 875 1850 333,
891 1778 916 1839 31
927 1777 995 1838 belli
1006 1776 1180 1840 homunculi

114 1865 238 1928 conlecti
253 1871 332 1937 suut,
359 1863 384 1926 si
401 1864 511 1925 electus
526 1863 618 1935 locus,
645 1863 670 1924 si
689 1871 809 1944 tempus
828 1865 947 1938 lectum,
967 1862 999 1924 si
1019 1869 1178 1944 apparatus

115 1968 175 2011 non
189 1951 348 2032 neglectus.
382 1969 438 2012 nec
457 1951 595 2030 loquaces
614 1959 715 2011 eutem
733 1953 825 2030 tnqnit
845 1949 981 2012 convivas
1003 1968 1059 2011 nec
1079 1957 1177 2011 mutos
1201 1961 1250 2011 333

113 2035 208 2115 legere
225 2043 353 2117 oportet,
371 2035 439 2116 quia
455 2036 623 2116 eloquentia
638 2037 670 2096 in
685 2035 750 2096 foro
767 2044 796 2097 33
811 2036 888 2116 apud
902 2034 1051 2108 subsellia,
1067 2035 1183 2096 silenti-

111 2140 250 2198 unuero
266 2122 376 2183 nonin
392 2122 527 2184 convivio
543 2123 595 2184 sed
611 2122 642 2183 in
658 2121 793 2184 cubiculo
816 2141 880 2184 3333
901 2121 999 2186 dehet.
1036 2139 1181 2183 sermones
1200 2134 1249 2186 337

108 2211 198 2288 tybur
212 2207 244 2270 id
259 2211 393 2286 temporis
406 2207 548 2270 bobendon
562 2219 653 2270 conset
667 2226 726 2270 non
741 2226 828 2288 anper
842 2207 927 2270 rebns
942 2211 1037 2270 anatis
1053 2217 1104 2269 ont
1118 2217 1179 2268 tor-

108 2297 199 2356 3333313
213 2293 263 2354 ced
276 2293 415 2355 incundae
429 2303 510 2374 atone
525 2293 684 2356 invitabiles
705 2305 731 2355 et
752 2313 816 2355 enne
838 2295 963 2374 quadam
985 2293 1131 2355 inlecebra
1154 2302 1181 2353 33

109 2380 257 2460 oolnptote
271 2379 363 2451 utiles,
378 2397 416 2440 ca
430 2378 531 2460 pnibns
545 2382 688 2461 inpeninna
709 2390 840 2440 nostrane
860 2383 1006 2440 venustius
1025 2380 1077 2460 pict
1097 2389 1124 2440 et
1144 2395 1179 2439 a·

110 2469 248 2527 moeniae.
277 2465 358 2545 quod
373 2466 507 2545 prolecto
519 2467 610 2545 r'nqnit
630 2465 795 2538 3331313331
816 2465 852 2526 de
871 2464 901 2524 id
918 2481 1015 2542 genus
1035 2465 1125 2526 rebus
1146 2464 1251 2530 331333

110 2569 304 2612 communem
320 2551 395 2613 vitae
415 2569 504 2612 usum
520 2550 739 2631 pcrtinentibus
760 2549 995 2624 confabulentur,
1017 2550 1053 2611 de
1073 2549 1182 2630 quibus

108 2637 141 2698 in
157 2638 223 2698 loro
239 2644 327 2717 atque
343 2636 374 2697 in
389 2637 516 2716 negotiis
532 2637 637 2717 agendi
653 2655 714 2698 non
727 2644 772 2698 333
784 2636 887 2698 otium.
912 2636 1068 2698 dominum
1081 2644 1182 2697 autem
1200 2641 1250 2692 333

107 2725 201 2804 inqnit
216 2722 340 2785 convivii
357 2741 423 2786 3333
438 2731 559 2803 oportet
574 2741 636 2784 nou
653 2731 712 2784 tant
728 2724 842 2785 lautum
858 2739 946 2803 quum
957 2723 1022 2784 sine
1033 2722 1182 2794 sordibus,

111 2815 142 2870 33
155 2809 188 2870 in
204 2808 338 2870 convivio
353 2809 411 2888 legi
431 2826 493 2872 non
515 2809 614 2872 omnic
636 2807 745 2871 debent
767 2809 820 2870 sed
835 2829 869 2870 33
895 2807 1084 2888 potissimum
1106 2825 1182 2888 quae
1201 2819 1250 2871 343

110 2894 201 2956 simul
215 2893 278 2956 sint
292 2891 446 2979 βιωφελῆ
462 2901 491 2956 33
507 2894 664 2956 delectent.
642 2902 775 2976 tncpnc
795 2913 855 2957 non
869 2895 901 2956 de
922 2894 1051 2956 secandis
1072 2910 1182 2974 quoqne
1200 2905 1248 2956 341

109 2999 225 3051 nonore,
248 2984 328 3042 cnins
349 2980 427 3042 nobi
445 2998 502 3042 3333
523 2999 571 3042 eos
594 2990 731 3060 oporteat,
748 2985 896 3061 praecipit.
927 2981 968 3042 bis
988 2984 1063 3042 eninr
1085 2979 1180 3040 verbis

110 3070 215 3128 nitar:
228 3066 345 3127 11311333
353 3067 696 3145 rnanteamauumesunt
705 3066 815 3128 melltta
822 3086 896 3147 quae
909 3066 1019 3128 13311133
1028 3085 1089 3127 non
1097 3073 1178 3138 sunt

110 3146 279 3232 nipparene
293 3152 373 3213 enim
386 3172 453 3213 cnm
460 3148 564 3234 πέψει
578 3152 670 3214 333133
658 3152 811 3214 3131131333
827 3153 902 3232 qnod
913 3149 1028 3213 Varro
1015 3172 1047 3213 an
1058 3151 1118 3213 loco
1129 3152 1180 3214 boc

110 3237 187 3299 dicit
201 3237 458 3318 bellonamque
472 3240 575 3318 sorte
562 3256 593 3299 rn
607 3242 662 3300 ista
677 3257 743 3299 voce
757 3238 881 3309 3333333,
897 3239 1037 3342 sipnificut
1050 3239 1080 3298 id
1093 3257 1179 3300 voca·

110 3323 212 3386 bnlnrn
235 3342 317 3386 ornae
330 3341 444 3386 mensae
459 3323 708 3406 cenomannense,
729 3343 797 3386 narn
812 3341 883 3404 qnae
904 3318 1061 3402 πέμματα
1078 3322 1183 3385 Graeci

109 3419 162 3470 ant
175 3401 368 3494 τραγήματα
390 3409 534 3483 decerunt,
554 3421 709 3473 3333333333
720 3413 813 3472 nostri
825 3409 945 3472 bellaria
959 3410 1179 3490 appellaverant
1245 3442 1249 3449 ·

599 3549 626 3610 ll
642 3551 686 3627 (2)

211 3665 245 3729 in
260 3665 394 3730 convivio
410 3667 466 3747 legi
481 3686 538 3729 nec
552 3668 652 3729 amnia
667 3665 822 3731 (13113333
793 3676 822 3731 33
837 3686 870 3729 33
890 3667 1078 3748 potissimum
1099 3688 1176 3749 quae
1200 3681 1249 3734 343

110 3751 201 3816 simul
217 3753 276 3815 sint
290 3750 440 3850 βιωφελῆ
462 3761 490 3815 33
506 3753 722 3816 (1313333333
670 3761 722 3833 pot
723 3753 779 3830 ius,
800 3762 834 3816 ut
853 3753 882 3815 id
903 3771 1022 3836 quoquc
1041 3752 1178 3817 videatur

110 3858 174 3904 non
193 3839 323 3902 doluisse
338 3839 430 3917 magis
447 3858 537 3919 quam
552 3839 736 3919 superfuisse
