2864 4344
236 121 277 188 32
688 121 843 182 Pnrncltll

234 298 291 340 nec
304 280 362 341 hoc
377 299 433 343 nec
448 281 528 343 illud.
559 282 717 362 ignoscetis
734 281 816 354 mihi,
833 281 913 361 quod
930 279 1046 341 dixero:
1062 295 1115 358 ego
1131 279 1208 339 malo
1225 279 1306 340 mihi
1324 283 1356 334 11
1417 245 1418 310 ¹

234 365 335 438 vitrea,
352 374 432 429 certe
447 385 510 429 non
523 367 616 430 olunt.
647 368 726 447 quod
742 368 768 429 si
782 385 846 429 oon
859 367 1075 445 frangerentur,
1092 364 1210 425 mallem
1227 364 1307 426 mihi

182 449 219 509 51
234 468 324 530 quam
339 470 459 528 anrum;
475 471 555 516 nunc
571 462 668 517 autem
685 453 751 515 viha
767 459 847 515 sunt.
878 452 934 513 luit
954 457 1056 513 tamen
1074 449 1158 512 faber
1180 450 1232 531 qui
1253 451 1305 512 fe·

235 535 275 596 cit
289 537 417 616 phialam
432 539 566 615 vitream,
582 559 658 622 quae
668 556 732 600 -non
747 538 948 618 frangebatur.
979 535 1124 598 admissus
1140 553 1209 615 ergo
1226 535 1305 598 Cae·
1417 607 1418 628 χ

234 639 333 682 sarem
349 630 395 685 e'st
411 644 480 686 cum
494 644 549 687 suo
565 643 700 698 mouere,
717 624 823 686 deinde
838 624 909 685 fecit
923 643 956 684 se
971 622 1123 702 porrigere
1139 621 1256 683 Caesari
1272 630 1307 683 et
1327 633 1343 681 5
1417 639 1418 710 ᾗ

234 705 314 767 illam
330 709 362 769 in
377 711 583 790 pavimentum
599 710 733 790 proiecit.
763 711 871 773 Caesar
893 727 956 770 non
977 714 1047 788 pote
1070 707 1193 770 validius
1209 726 1305 787 quam
1417 711 1418 742 l

235 793 358 872 expavit.
389 803 419 857 at
434 797 482 859 ille
498 797 620 859 sustulit
633 795 762 877 phialam
783 795 818 856 de
833 803 929 869 terra;
952 793 1050 856 collisa
1071 801 1134 855 erat
1154 802 1306 873 tanquam
1417 817 1418 882 t

233 897 336 944 vasum
352 899 493 958 aeneum3
515 883 623 945 deinde
639 881 818 944 marceolum
839 882 876 942 de
892 881 961 942 sinu
976 879 1101 960 protulit
1122 885 1150 940 et
1171 879 1305 959 phialam
1417 915 1418 920 κ

234 963 294 1025 otio
317 963 392 1028 belle
414 969 549 1029 correxit.
583 968 641 1030 hoc
661 969 738 1030 facto
759 969 881 1047 putabat
902 987 935 1028 se
955 965 1064 1027 solium
1085 965 1161 1025 lovis
1184 973 1305 1038 tenere,
1417 1021 1418 1040 ,

234 1050 337 1130 utique
352 1060 512 1134 postquam
526 1053 633 1116 Caesar
643 1053 684 1116 illi
697 1054 783 1115 dixit:
801 1051 966 1133 “numquid
984 1051 1057 1112 alius
1070 1049 1125 1111 scit
1135 1051 1214 1112 hanc
1226 1068 1306 1111 con·
1328 1063 1364 1113 11)
1417 1051 1418 1130 i

234 1135 362 1198 dituram
378 1139 540 1201 vitreorum
548 1136 583 1199 ‘f'
604 1139 669 1200 vide
686 1139 785 1201 modo.
829 1145 988 1218 postquam
1009 1135 1135 1214 negavit,
1156 1134 1244 1198 iussit
1264 1135 1305 1196 il-

234 1221 297 1282 lum
313 1223 421 1285 Caesar
436 1225 586 1287 decollari:
604 1225 673 1306 quia
689 1224 778 1296 enim,
796 1224 820 1286 si
832 1225 939 1285 scitum
956 1231 1044 1297 esset,
1065 1239 1172 1283 aurum
1187 1240 1243 1301 pre
1255 1222 1307 1283 lu-

182 1305 266 1367 5110
282 1308 469 1372 haberemus.
499 1311 532 1372 in
547 1319 671 1390 argento
686 1312 774 1392 plane
790 1309 942 1371 studiosus
963 1326 1041 1370 sum.
1062 1307 1157 1369 habeo
1174 1308 1305 1388 scyphos

235 1393 354 1454 urnales
370 1394 437 1475 plus
453 1396 553 1458 minus
575 1395 609 1458 C}
632 1396 885 1477 quemadmodum
909 1394 1073 1458 Cassandra
1095 1392 1203 1454 occidit
1225 1393 1306 1456 filios
1417 1465 1418 1478 χ

235 1495 314 1552 suos,
331 1487 361 1540 et
376 1483 460 1560 pueri
475 1482 587 1543 mortui
601 1482 699 1543 iacent
715 1483 757 1544 sic
771 1489 805 1543 ut
820 1481 917 1542 vivere
933 1488 1030 1562 putes.
1060 1478 1156 1540 habeo
1181 1478 1303 1558 capides
1328 1489 1362 1541 15
1417 1479 1418 1550 l

233 1561 271 1635 M,
288 1582 362 1644 quas
377 1549 497 1647 reliquit
517 1573 643 1648 patrono
663 1587 724 1630 mco
744 1567 914 1637 Mummius,
936 1565 987 1627 ubi
1007 1565 1151 1626 Daedalus
1172 1563 1303 1627 Niobam

233 1648 264 1708 in
280 1669 390 1731 equum
406 1653 568 1716 Troianum
584 1653 717 1716 includit.
748 1672 816 1715 nam
832 1649 1014 1714 Hermerotis
1026 1668 1141 1732 pugnas
1154 1657 1183 1710 et
1195 1649 1304 1712 Petra-

233 1733 302 1796 hitis
317 1735 349 1797 in
370 1739 484 1817 poculis
499 1739 606 1810 babeo,
620 1739 718 1802 omnia
733 1738 916 1820 ponderosa3
940 1755 1041 1799 meum
1058 1736 1138 1798 enim
1153 1735 1304 1816 intellige-
1417 1743 1418 1774 l

233 1836 266 1880 re
282 1822 361 1884 nulla
376 1825 501 1902 pecnnia
516 1824 632 1886 vendo!

318 1908 391 1969 haec
406 1909 478 1970 dum
489 1910 589 1981 refert,
605 1929 681 1990 puer
691 1910 810 1972 calicem
822 1909 956 1989 proiecit.
985 1909 1022 1972 ad
1035 1925 1123 1988 quem
1135 1907 1302 1988 respiciens
1326 1915 1363 1966 20
1417 1921 1418 1972 1

232 1989 411 2068 Trimalchio
427 1994 504 2056 ‘cito'
520 1995 616 2076 inquit
633 1995 786 2074 ‘teipsum
802 1995 900 2069 caede,
922 1993 990 2075 quia
1005 2011 1101 2072 nugax
1118 1991 1170 2054 es'
1200 1993 1304 2055 statim

232 2093 307 2154 puer
322 2077 451 2141 demisso
468 2079 550 2140 labro
566 2099 659 2142 orare.
689 2080 781 2142 atille
798 2081 879 2161 ‘quid
895 2081 952 2141 me'
967 2079 1066 2160 inquit
1086 2075 1211 2156 ‘rogasi’
1233 2086 1302 2140 tan-

233 2178 323 2239 quam
340 2163 464 2241 egotibi
480 2166 621 2228 molestus
637 2166 703 2227 sim.
731 2167 851 2238 suadeo,
873 2175 934 2228 ate
948 2167 1100 2246 impetres,
1121 2182 1158 2225 ne
1178 2164 1220 2225 sis
1241 2182 1302 2226 nn-

232 2246 306 2324 1113
336 2249 458 2311 tandem
473 2270 544 2330 ergo
561 2259 697 2314 exoratus
709 2270 726 2312 a
737 2253 823 2314 nohis
836 2251 1010 2314 missionem
1030 2249 1111 2312 dedit
1126 2267 1229 2329 puero.
1252 2249 1302 2311 ille

234 2331 374 2396 dimissus
390 2336 466 2398 circa
481 2356 617 2398 mensam
633 2339 820 2419 percucurrit
1323 2339 1360 2390 25
1417 2375 1418 2380 κ

233 2509 262 2564 et
278 2507 393 2584 ‘aquam
408 2510 499 2581 foras,
515 2507 618 2570 vinum
633 2507 724 2571 intro'
740 2506 875 2572 clamavit
1033 2504 1194 2585 excipimus
1210 2504 1303 2568 urba·

231 2589 355 2651 nitatem
369 2593 506 2668 iocantis,
524 2602 554 2656 et
565 2603 635 2658 ante
645 2614 750 2658 omnes
762 2594 975 2674 Agamemnon,
991 2591 1041 2674 qui
1053 2591 1173 2665 sciebat,
1190 2589 1302 2671 quibus

232 2675 346 2738 meritis
371 2688 562 2740 revocaretur
589 2681 624 2742 ad
649 2696 762 2744 cenam.
807 2687 940 2740 ceterum
962 2677 1097 2739 laudatus
1120 2675 1302 2738 Trimalchio

230 2759 355 2822 hilarius
370 2763 445 2824 bibit
460 2771 490 2825 et
505 2765 562 2826 iam
580 2765 662 2828 ebrio
677 2766 831 2846 proximus
847 2763 953 2826 ‘nemo'
969 2763 1066 2844 inquit
1089 2763 1235 2824 ‘vestrum
1249 2780 1303 2823 ro-

232 2852 280 2922 gat
294 2845 489 2910 Fortunatam
505 2869 612 2923 meam,
627 2859 660 2913 ut
676 2847 784 2914 saltet?
808 2850 917 2912 credite
934 2849 1021 2910 mibi:
1039 2847 1193 2911 cordacem
1209 2865 1302 2930 nemo
1323 2857 1360 2907 30
1417 2921 1418 2930 ἵ

233 2930 341 2993 melius
357 2933 456 2995 ducit’,

231 3024 321 3098 atque
343 3017 408 3098 ipse
429 3021 535 3082 erectis
556 3039 645 3102 supra
671 3023 802 3084 frontem
829 3019 969 3083 manibus
991 3021 1100 3100 Syrum
1121 3017 1301 3081 histrionem

232 3102 388 3165 exhibebat
396 3107 572 3169 concinente
584 3115 646 3170 toxa
657 3108 778 3170 familia:
794 3105 943 3181 Mcidaeo,
957 3101 1173 3189 Περιμάδεια.
1187 3111 1217 3164 01
1229 3123 1303 3184 pro-

232 3187 324 3249 disset
339 3189 369 3249 in
384 3191 526 3267 medium,
544 3193 599 3255 uisi
614 3193 777 3255 Fortunata
794 3193 829 3255 ad
845 3210 948 3254 aurem
961 3191 1152 3264 accessissem
1168 3191 1216 3268 [et]
1234 3209 1301 3252 cre-

234 3273 282 3346 do,
300 3273 406 3337 dixerit
421 3295 483 3338 non
498 3278 603 3341 decere
620 3279 795 3358 gravitatem
812 3277 875 3340 eius
887 3285 949 3340 tam
959 3277 1087 3340 humiles
1099 3274 1234 3355 ineptias.
1251 3275 1301 3337 ni·
1321 3283 1359 3336 35
1417 3321 1418 3326 η

232 3356 273 3419 hil
289 3367 387 3422 antem
404 3370 466 3424 tam
481 3363 636 3446 inaequale
653 3372 730 3438 erat3
746 3382 815 3428 nam
832 3364 919 3427 modo
932 3363 1126 3427 Fortunatam
1137 3361 1302 3435 verebatur,

232 3445 322 3507 modo
340 3446 377 3508 ad
392 3454 528 3511 naturam
544 3469 629 3512 suam
643 3451 855 3514 revertebatur.

299 3617 398 3670 201110
410 3619 501 3671 nolunt
514 3617 523 3687 ll
537 3619 551 3668 5
565 3617 628 3672 feeit
639 3620 801 3685 reporrigere
814 3618 823 3688 ll
837 3619 852 3670 9
865 3619 964 3671 coleum
982 3617 986 3686 Ι
1001 3620 1031 3673 15
1045 3617 1122 3670 sicuti
1134 3631 1195 3669 vere
1209 3615 1218 3684 ll
1232 3618 1304 3685 capi·

231 3683 287 3735 dem
299 3701 360 3754 ques
373 3687 480 3756 reliquit
491 3694 654 3753 patronorum
666 3704 735 3740 meus
749 3687 757 3757 Η
772 3689 803 3738 22
816 3689 919 3740 laha-ore
931 3695 959 3740 at
971 3686 975 3755 l
993 3688 1027 3738 24
1037 3701 1098 3750 ergo
1108 3689 1305 3754 comptumeoe

231 3767 293 3804 vcro
305 3760 353 3808 aut
368 3761 562 3824 praecesserant
579 3756 632 3807 alate
647 3759 679 3808 ab
696 3761 857 3826 epitomatere
874 3759 956 3808 110110
977 3755 987 3824 ΙΙ
1008 3756 1040 3806 36
1057 3754 1214 3808 fortunatam
1230 3771 1304 3808 suam

231 3826 412 3877 revertebatur
424 3826 497 3877 mode
509 3825 541 3875 ad
555 3834 670 3877 naturam
683 3835 716 3878 et.
730 3830 757 3878 to
770 3829 855 3896 priore
867 3829 990 3878 commate
1000 3828 1072 3894 pules
1083 3823 1305 3892 aliodproeterea

231 3894 336 3945 verdum
347 3897 472 3946 omassum
482 3891 550 3946 velut
562 3895 734 3960 indignantem
