2860 4340
212 167 273 228 102
662 164 817 220 rnrnonu

153 309 157 320 ’
209 339 345 383 anserem
361 321 464 383 obtuli.
499 340 588 402 quem
609 318 612 404 l
633 340 707 384 anus
722 326 756 384 ut
771 321 852 394 vidit,
867 330 928 385 tam
943 341 1086 402 maguum
1102 343 1192 405 aeque
1208 326 1270 388 cla·
1287 329 1334 382 Lo

161 473 163 480 Α
209 426 324 468 morem
341 408 468 479 sustulit,
486 417 518 468 ut
533 415 652 488 putares
668 409 777 490 iterum
792 426 911 470 anseres
926 409 1019 472 limen
1033 411 1167 473 intrasse.
1196 431 1272 473 con-

209 493 294 554 fusus
310 493 409 572 itaque
425 501 454 554 et
469 494 597 556 novitate
611 493 751 556 facinoris
767 494 910 556 attonitus
926 497 1112 575 quaerebam,
1134 497 1204 576 qnid
1219 517 1273 559 ex·

141 583 198 645 137
209 579 387 652 cauduisset,
408 587 459 642 aut
474 599 564 660 quare
581 579 696 641 auseris
712 579 809 660 potius
826 599 913 660 quam
929 582 988 643 mei
1004 583 1206 646 misereretur.
1242 592 1274 646 at

208 665 256 727 illa
273 665 430 749 complosis
442 666 580 727 manibus
596 664 756 728 ‘scelerate'
769 665 867 746 iuquit
877 666 977 728 ‘etiarn
989 665 1142 747 loqueris?
1173 670 1273 731 nescis
1309 688 1324 738 5

209 769 300 829 quam
315 769 455 832 magnum
471 751 614 830 flagitium
629 751 801 813 admiseris:
819 751 952 814 occidisti
963 752 1061 833 Priapi
1077 753 1202 827 delicias,
1219 773 1274 816 an·

210 853 308 899 serem
321 836 460 898 omnibus
476 837 621 898 matronis
637 836 884 916 acceptissimum.
918 838 1017 918 itaque
1032 856 1069 900 ne
1084 849 1114 900 te
1125 848 1213 920 putes
1226 841 1272 903 ui-

207 921 250 983 hil
266 923 371 1001 egisse,
386 923 412 984 si
427 923 616 1001 magistratus
631 922 687 984 hoc
703 923 832 994 scierint,
854 923 910 986 ibis
925 924 957 984 in
972 943 1101 987 crucem.
1140 927 1268 1006 polluisti

207 1007 352 1086 sauguine
369 1009 551 1070 domicilium
567 1027 668 1070 meum
684 1009 844 1074 antehunc
865 1010 943 1071 diem
958 1009 1143 1084 inviolatum,
1159 1013 1271 1074 lecisti-

209 1112 268 1173 que
283 1101 317 1156 ut
333 1113 390 1168 me,
408 1094 541 1174 quisquis
556 1094 682 1156 voluerit
697 1093 845 1168 inimicus,
861 1095 1026 1158 sacerdotio
1042 1097 1138 1176 pellat’
1291 1115 1318 1167 10

727 1206 746 1242 et

291 1265 296 1347 1
316 1265 406 1346 ‘rogo’
423 1265 547 1345 inquom
563 1265 634 1327 ‘noli
649 1264 789 1327 clamare:
807 1284 860 1345 ego
876 1265 929 1327 tihi
943 1285 997 1347 pro
1013 1284 1119 1330 ansere
1135 1270 1272 1331 strutho-
1290 1277 1311 1330 L

186 1403 188 1408 .
209 1355 354 1416 camelum
369 1350 502 1412 reddam’

726 1462 745 1498 lt

294 1525 364 1584 dum
380 1522 452 1584 haec
467 1539 516 1582 me
537 1528 677 1602 stupente
698 1521 730 1583 in
748 1522 855 1583 lectulo
878 1523 964 1584 sedet
985 1525 1157 1606 anserisque
1176 1525 1274 1589 latum

207 1611 378 1690 complorat,
400 1607 520 1669 interim
540 1607 716 1669 Proselenos
732 1626 798 1668 cum
815 1608 950 1688 impensa
964 1611 1099 1672 sacrificii
1115 1611 1204 1685 venit,
1228 1614 1273 1674 vi-

208 1714 302 1775 soque
318 1710 423 1757 ansere
439 1692 536 1755 occiso
552 1693 696 1756 sciscitata
713 1712 830 1755 causam
846 1694 981 1757 tristitiae
1002 1703 1032 1758 et
1051 1696 1116 1776 ipsa
1131 1699 1202 1760 llere
1220 1717 1272 1760 ve·
1294 1709 1322 1760 15

206 1781 376 1842 hementius
393 1779 490 1858 coepit
505 1779 625 1860 meique
638 1780 783 1854 misereri,
800 1787 940 1861 tanquam
954 1791 1068 1861 patrem
1080 1802 1192 1853 meum,
1209 1804 1273 1848 non

206 1866 358 1946 publicum
382 1883 528 1935 auserem,
552 1865 735 1926 occidissem.
774 1867 872 1946 itaque
899 1867 996 1928 taedio
1017 1868 1155 1948 fatigatus
1180 1857 1273 1950 ‘r‘ogo'

124 2023 128 2032 Ι
206 1953 330 2033 iuquam
346 1951 472 2032 ‘expiare
488 1969 595 2012 manus
611 1951 708 2030 pretio
723 1951 808 2012 liceat

206 2038 298 2099 sivos
319 2054 536 2118 provocassem.
559 2036 649 2096 etiam
671 2037 695 2097 si
716 2037 908 2098 homicidium
928 2038 1079 2100 fecissem.
1110 2059 1178 2103 ecce
1197 2042 1273 2105 duos

206 2141 311 2186 aureos
326 2142 416 2203 pono,
432 2120 512 2182 unde
525 2121 646 2200 possitis
659 2128 688 2181 et
700 2120 772 2189 deos
784 2130 814 2182 et
824 2141 943 2185 anseres
954 2125 1073 2186 emere'
1090 2145 1163 2206 quos
1178 2134 1212 2187 ut
1226 2129 1271 2189 vi·
1292 2134 1323 2184 20

207 2209 250 2270 dit
266 2209 429 2282 Oenothea,
446 2206 585 2284 ‘ignosce'
601 2207 698 2287 inquit
714 2207 906 2282 ‘adulescens
922 2210 1044 2272 sollicita
1060 2231 1126 2274 snm
1137 2220 1188 2275 tua
1200 2233 1273 2276 cau-

207 2315 248 2357 sa.
279 2295 388 2356 amoris
404 2300 449 2356 est
463 2293 520 2354 hoc
535 2301 753 2372 argumentum,
770 2312 832 2355 uon
848 2295 1047 2374 malignitatis.
1075 2298 1175 2379 itaque
1188 2300 1273 2362 dahi-

207 2399 275 2443 mus
291 2389 421 2462 operam,
438 2398 476 2440 ue
492 2379 558 2459 quis
573 2378 630 2440 hoc
645 2380 725 2440 sciat.
757 2386 790 2440 tu
806 2381 895 2442 modo
911 2381 981 2442 deos
996 2401 1074 2464 roga,
1091 2391 1124 2446 ut
1135 2384 1175 2446 illi
1192 2389 1269 2448 lacto

205 2476 258 2529 tuo
273 2465 447 2546 ignoscant?

279 2553 283 2636 l
304 2552 439 2633 quisquis
453 2551 546 2612 habet
561 2568 709 2622 nummos,
726 2569 828 2612 secura
844 2550 959 2630 navigat
974 2570 1044 2614 aura
1254 2557 1260 2566 ’
1279 2560 1310 2610 25
1322 2556 1364 2609 Lo

252 2656 258 2671 s
346 2639 558 2717 fortunamque
575 2655 628 2697 suo
646 2644 791 2714 temperat
807 2637 939 2698 arbitrio.

301 2743 423 2786 uxorem
440 2723 527 2784 ducat
540 2721 659 2783 Danaen
673 2722 838 2803 ipsumque
858 2722 958 2806 licebit
1067 2758 1071 2765 ·
1141 2754 1143 2762 v

343 2809 490 2870 Acrisium
504 2808 606 2869 iubeat
622 2807 743 2867 credere
759 2809 838 2887 qnod
853 2808 982 2869 Danaen.

303 2895 432 2956 carmina
447 2901 614 2972 componat,
630 2892 784 2963 declamet,
801 2902 959 2974 concrepet
974 2912 1079 2958 ornnes

346 2988 375 3042 et
389 2987 509 3060 peragat
525 2997 626 3041 causas
643 2977 741 3057 sitque
757 2978 868 3041 Catone
882 2979 972 3060 prior.

303 3066 529 3136 iurisconsultus
545 3071 645 3144 ‘paret
662 3069 724 3125 nou
739 3063 830 3144 paret'
847 3065 954 3127 habeto

347 3160 434 3232 atque
450 3158 513 3213 esto
530 3151 671 3234 quicquid
684 3149 804 3212 Servius
818 3159 847 3212 et
857 3151 965 3213 Labeo.

302 3239 397 3299 multa
413 3239 533 3318 loquor:
551 3237 698 3317 quodvis,
715 3238 848 3298 uum-mis
864 3236 1071 3318 praesentibus
1088 3248 1165 3320 opta,

347 3332 377 3385 et
388 3323 496 3384 veniet.
528 3323 661 3385 clausum
677 3321 807 3403 possidet
823 3343 890 3385 area
905 3324 1005 3386 lovem

719 3433 739 3468 dl

281 3492 381 3576 {infra
397 3511 504 3557 manus
520 3513 602 3555 meas
619 3492 770 3556 camellam
791 3495 851 3582 vini
873 3495 982 3574 posuit,
1011 3503 1041 3556 et
1067 3505 1134 3556 cum
1156 3495 1262 3574 digitos
1275 3503 1334 3557 aad

268 3724 280 3773 1
295 3721 355 3774 Cu'm
367 3723 463 3790 protuli
476 3737 601 3786 anserem,
615 3739 676 3775 anus
689 3732 718 3775 ut
729 3723 827 3776 viditO
841 3721 846 3791 Ι
860 3739 923 3792 eque
934 3725 1081 3778 mutilatum
1093 3723 1102 3792 ss
1116 3728 1131 3776 5
1142 3733 1168 3778 et
1176 3728 1264 3794 loque·

198 3792 237 3843 ris
251 3789 259 3856 ΙΙ
273 3791 288 3842 8
301 3791 394 3843 scierit
404 3793 465 3844 libri
472 3792 585 3860 plerique
598 3789 607 3858 ll
622 3793 652 3846 18
665 3793 725 3844 licet
739 3791 748 3862 ll
761 3793 793 3843 20
807 3800 832 3844 et
844 3794 906 3845 duos
923 3809 1026 3846 anseres
1043 3793 1249 3864 Scaligereneell

198 3862 230 3912 25
247 3859 350 3925 naviget
363 3857 372 3928 ll
385 3861 417 3913 26
436 3867 560 3930 temperet
571 3859 632 3916 tori
641 3866 743 3936 eccepto
756 3861 879 3917 dorcensi
890 3861 900 3932 ll
914 3861 945 3913 33
959 3863 1061 3934 quidvis
1073 3861 1134 3915 tans
1145 3862 1261 3936 plerique
