2860 4340
611 138 754 194 serrem
1171 143 1211 212 93

85 304 131 356 ιθ
144 314 202 356 nos
217 296 276 356 late
292 294 511 368 coniunxerint.
533 295 627 356 immo
642 295 699 358 iam
716 293 817 366 nescio
833 295 904 375 qnid
916 295 1011 360 tacitis
1024 297 1211 378 cogitationi-

143 381 234 443 nibus
252 382 326 442 deus
343 381 410 460 agit.
444 399 500 442 nec
514 381 579 442 sine
595 399 681 442 causa
697 380 868 460 Polyaenon
884 382 967 444 Circe
982 389 1074 444 amat:
1090 401 1212 462 semper

143 469 224 530 inter
239 468 314 529 haec
330 467 451 529 nomina
467 485 574 545 magna
590 468 638 527 fax
654 465 756 544 surgit.
791 485 876 527 sume
897 488 966 546 ergo
982 469 1158 548 amplexum,
1185 470 1211 530 si

142 555 252 634 placet.
285 571 383 631 neque
399 553 540 632 estquod
556 552 707 616 curiosum
724 552 851 631 aliquem
867 555 1056 618 extimescas:
1071 556 1158 634 longe
1174 555 1210 618 ab

108 657 123 706 5
141 639 282 705 hocloco
297 640 389 700 frater
404 637 466 700 est'
502 639 575 699 dixit
590 638 763 710 baecCirce,
778 638 1073 719 implicitumqueme
1083 641 1211 713 brachiis

142 725 330 788 mollioribus
346 725 446 803 pluma
463 725 584 788 deduxit
598 724 629 785 in
644 733 754 785 terram
770 723 851 784 vario
867 725 1001 804 gramine
1016 727 1167 789 indutam:

289 810 376 871 ldaeo
389 812 490 891 quales
506 810 583 871 fudit
599 809 635 870 de
651 809 759 871 vertice
773 809 862 871 flores
1107 807 1118 826 “

263 943 269 956 .
289 904 367 958 terra
383 914 500 974 parens,
516 914 585 958 cum
600 915 633 956 se
649 913 791 959 concesso
807 895 903 960 iunxit
919 896 1011 958 amori
1115 961 1122 986 Ι

289 981 422 1062 luppiter
439 992 469 1044 et
484 990 546 1044 toto
563 981 700 1060 concepit
714 989 836 1060 pectore
851 983 1001 1044 flammas:

289 1066 438 1128 emicuere
453 1087 540 1129 rosae
555 1066 706 1146 violaeque
723 1075 752 1127 et
767 1067 857 1128 molle
872 1086 1009 1147 cyperon,

289 1151 411 1232 albaque
427 1153 464 1214 de
479 1152 567 1214 viridi
581 1152 713 1214 riserunt
727 1152 786 1216 lilia
802 1163 903 1231 prato:
966 1157 967 1160 ’

287 1237 354 1299 talis
369 1239 478 1302 humus
494 1239 641 1300 Venerem
657 1239 761 1299 molles
777 1239 912 1301 clamavit
926 1238 959 1298 in
974 1237 1089 1312 herbas

289 1323 502 1405 candidiorque
518 1325 580 1385 dies
596 1331 710 1386 secreto
724 1324 795 1385 favit
810 1324 913 1386 amori.

227 1407 325 1470 inhoo
335 1410 468 1488 gramine
476 1409 585 1491 pariter
597 1409 841 1492 compositimille
850 1408 958 1472 osculis
967 1408 1103 1482 lusimus,
1119 1427 1211 1489 qnae-

92 1511 122 1562 15
140 1500 246 1556 rentes
261 1493 439 1586 voluptatem
451 1495 608 1559 robustam
630 1542 634 1548 .

665 1599 684 1635 e

100 1679 122 1732 t
224 1659 228 1744 Ι
252 1663 332 1745 ‘quid
347 1663 423 1727 estt'
450 1665 546 1746 inquit
573 1665 729 1746 ‘numquid
748 1673 778 1725 te
792 1662 926 1726 osculum
942 1683 1044 1726 meum
1060 1661 1209 1726 offendit?
1221 1665 1281 1727 128

90 1767 91 1770 ’
143 1750 290 1828 numquid
306 1751 429 1830 spiritus
445 1751 556 1814 ieiunio
576 1747 734 1812 marcens?
757 1749 903 1830 numquid
925 1749 1039 1811 alarum
1059 1749 1210 1828 negligens

142 1831 260 1898 sudor?
276 1843 326 1897 aut
341 1837 367 1898 si
382 1837 455 1900 haec
470 1855 532 1898 non
548 1845 628 1910 sunt,
645 1836 792 1916 numquid
807 1833 914 1896 Gitona
930 1831 1049 1896 timesl'
1072 1837 1211 1916 perfusos

143 1940 198 2000 ego
213 1920 324 1984 rubore
341 1922 500 1986 manifesto
521 1923 609 1985 etiam
626 1921 652 1982 si
674 1921 745 2002 quid
761 1922 925 1984 habueram
941 1919 1059 1994 virium,
1086 1921 1212 2001 perdidi,

90 2020 125 2070 20
142 2013 269 2088 totoque
286 2007 410 2088 corpore
424 2007 504 2072 velut
518 2009 617 2070 luxato
633 2007 760 2088 ‘quaeso'
782 2007 905 2088 inquam
921 2007 1043 2088 regina,
1065 2007 1126 2070 noli
1141 2027 1212 2086 sug-

144 2092 246 2171 gillare
263 2094 407 2157 miserias.
441 2094 583 2156 veneficio
600 2101 755 2156 contactus
771 2089 846 2156 sum'

665 2205 684 2240 tl·

231 2264 298 2338 ‘dic‚
308 2263 434 2346 Chrysis,
452 2265 632 2326 seductum:
649 2263 795 2344 numquid
803 2263 946 2325 indecens
958 2261 1050 2324 sum?
1067 2263 1212 2344 numquid

143 2344 320 2430 incompta?
343 2351 490 2431 numquid
507 2349 543 2412 ab
560 2349 656 2430 aliquo
673 2349 801 2412 naturali
816 2349 886 2410 vitio
903 2349 1030 2411 formam
1045 2369 1143 2412 meam
1159 2370 1213 2410 er-

144 2431 259 2499 caeon‘?
282 2432 342 2497 noli
358 2437 495 2515 decipere
511 2437 664 2498 dominam
680 2443 772 2496 tuam.
803 2433 904 2496 nescio
921 2430 992 2512 quid
1006 2433 1211 2514 peccavimus!

92 2530 125 2580 25
144 2521 245 2600 rapuit
261 2521 369 2583 deinde
385 2522 494 2584 tacenti
510 2523 673 2608 speculqm,
690 2528 719 2582 et
734 2529 892 2599 postquam
909 2538 1014 2581 omnes
1032 2520 1128 2581 vultus
1144 2529 1213 2582 ten-

144 2605 226 2678 tavit,
250 2626 325 2686 quos
341 2609 418 2668 solet
433 2607 513 2669 inter
529 2615 664 2669 amantes
681 2607 757 2666 risus
773 2603 894 2682 fingere,
921 2605 1051 2665 excussit
1078 2613 1212 2668 vexatam

144 2693 208 2756 solo
224 2700 340 2756 vestem
355 2693 526 2774 raptimque
541 2693 645 2757 aedem
656 2691 777 2754 Veneris
789 2689 921 2752 intrarit.
947 2708 1000 2769 ego
1013 2698 1114 2754 contra
1127 2691 1211 2754 dam-

144 2784 232 2840 natus
249 2785 278 2840 et
294 2779 378 2858 quasi
395 2777 522 2858 quodam
539 2778 603 2840 visu
623 2778 655 2839 in
671 2777 827 2838 horrorem
849 2777 1010 2854 perductus
1030 2777 1212 2854 interrogare

143 2863 279 2926 animum
294 2881 395 2925 meum
411 2865 504 2943 coepi,
521 2884 559 2926 an
574 2884 644 2926 vera
657 2863 806 2943 voluptate
822 2861 977 2924 fraudatus
994 2881 1099 2924 essem.

50 2955 134 3006 L030
242 2947 250 3030 l
271 2957 357 3011 nocte
371 2950 535 3029 soporifera
550 2949 641 3012 veluti
656 2968 725 3012 cum
742 2948 858 3010 somnia
873 2948 981 3009 ludunt

269 3042 402 3097 errantes
419 3037 520 3097 oculos
536 3037 701 3116 ell‘ossaqne
716 3033 840 3114 protulit
855 3052 961 3094 aurum

269 3119 300 3180 in
315 3121 412 3183 lucem
427 3121 531 3184 tellus:
549 3129 648 3184 versat
663 3139 771 3182 manus
787 3119 922 3198 improba
938 3122 1052 3180 lurtum

270 3205 497 3288 [thesaurosque
512 3207 599 3288 rapit,
614 3208 706 3268 sudor
722 3224 839 3286 quoque
854 3201 962 3284 perluit
977 3205 1036 3280 ora]

269 3299 298 3352 et
313 3300 447 3354 mentem
462 3293 553 3354 timor
566 3293 642 3354 altus
658 3291 758 3364 habet,
774 3309 811 3352 ne
826 3291 902 3352 forte
916 3295 1068 3370 gravatum

92 3381 125 3432 35
183 3439 185 3445 ,
272 3379 401 3440 excutiat
416 3378 562 3458 gremium
576 3378 682 3440 secreti
698 3376 836 3440 conscius
851 3374 931 3437 auri:

145 3531 166 3548 ι,
270 3483 340 3524 mox
355 3463 406 3526 ubi
422 3463 565 3542 fugerunt
581 3463 694 3526 elusam
708 3463 814 3542 gaudia
829 3468 962 3544 mentem

1083 2147 1192 2203 *λι

184 3611 199 3642 ²
214 3629 229 3678 3
243 3643 333 3694 magna
345 3627 389 3680 fax
401 3633 523 3698 corrupto
534 3627 658 3680 videnter.
672 3629 771 3676 tentori
780 3625 881 3676 Amoris
894 3624 938 3676 fax
951 3623 960 3692 ΙΙ
974 3627 988 3675 Ἰ
1006 3625 1089 3692 qualis
1102 3621 1211 3676 Hadria-

144 3697 216 3748 oides
229 3695 237 3765 ll
252 3698 267 3748 8
279 3695 394 3750 confesso
408 3695 417 3765 ΙΙ
432 3699 463 3750 14
475 3697 636 3764 quaerentes]
648 3697 709 3745 daeo
721 3695 865 3762 reputanda
877 3710 964 3744 censeo
977 3691 986 3760 Η
1001 3695 1032 3744 16
1042 3697 1213 3760 proconissum

144 3766 221 3837 §lippe
234 3767 266 3818 ad
279 3764 434 3832 Polyaenum
447 3765 456 3834 ll
471 3768 502 3820 l‘l
515 3763 622 3834 mooerll
637 3764 667 3818 18
679 3765 732 3826 ant]
747 3770 806 3828 puto
820 3761 829 3832 {l
843 3764 968 3814 2lllaxato
983 3761 991 3830 ll
1005 3763 1212 3830 22proemtrsum

146 3829 229 3972 Cir'c'e¹
244 3831 254 3901 {l
276 3832 309 3884 23
321 3835 438 3886 Petronii
448 3837 529 3904 potuit
549 3851 604 3885 esse
626 3831 733 3883 formam
749 3831 830 3884 habeo
849 3839 1011 3884 excaecatam
1024 3827 1033 3898 l}
1051 3831 1084 3884 26
1100 3831 1215 3898 fortasse

145 3919 208 3954 usus
244 3901 362 3966 l'rongere
