2860 4340
601 162 745 216 sarlflsu
1160 163 1197 228 81

79 323 99 376 L
131 328 279 400 tanquam
294 318 324 380 in
339 317 508 398 pestilentia
525 337 653 400 campos,
669 318 825 402 inquibus
843 319 917 380 nihil
931 318 1008 382 aliud
1025 325 1071 378 est
1082 317 1139 378 nisi
1151 336 1199 379 ca·
1264 324 1265 330 ’

129 407 247 480 davera,
265 423 340 486 quae
355 405 531 480 lacerantur,
547 415 599 470 aut
615 404 706 481 corvi,
722 406 774 488 qui
788 404 927 468 lacerant'

556 543 559 559 ,
651 509 671 546 li

214 575 393 656 prudentior
410 576 574 656 Eumolpus
597 577 743 640 convertit
763 578 800 640 ad
821 577 981 640 novitatem
1002 574 1045 637 rei
1065 568 1269 636 mentemlll

128 680 285 742 genusque
301 661 491 729 divinationis
507 662 563 724 sibi
583 681 645 726 nou
666 664 823 744 displicere
843 663 998 724 consessus
1021 668 1074 724 est.
1108 660 1198 722 iocari

94 760 110 809 5
130 767 186 828 ego
200 767 305 812 senem
321 746 437 827 poetica
451 747 569 810 levitate
584 751 751 823 credebam,
774 769 842 812 oum
857 749 905 810 ille
927 748 1053 810 ‘utinam
1068 744 1197 826 quidem'

128 837 222 914 aquit
237 834 398 896 ‘sufficeret
411 834 519 911 largior
534 853 640 900 scaena
663 836 703 914 [id
719 843 764 898 est
779 834 870 908 restis
884 833 1062 908 humaniori,
1083 832 1198 892 instru-

128 927 267 984 mentum
282 919 400 990 lautius‚
416 920 495 1000 quod
510 919 667 1000 praeberet
687 922 841 984 mendacio
855 921 961 982 iidem:
995 937 1056 980 non
1079 918 1197 980 meher-

127 1006 210 1070 cules
231 1023 340 1085 ponam
360 1005 447 1068 istam
468 1005 629 1080 differrem,
651 1009 704 1070 sed
719 1008 863 1070 continuo
875 1025 928 1068 vos
940 1005 978 1068 ad
991 1022 1111 1082 magnas
1124 1021 1197 1082 opas

128 1092 280 1154 ducerem.
312 1091 417 1171 atquin
428 1092 580 1171 promitto,
597 1094 738 1173 quiequid
752 1094 881 1172 exigeret
894 1091 1056 1154 dummodo
1070 1090 1199 1170 placeret

76 1189 109 1240 10
128 1177 221 1238 vestis
231 1176 352 1257 rapinae
364 1196 474 1250 comes
487 1186 517 1240 et
528 1178 669 1259 quicquid
680 1179 805 1258 Lycurgi
817 1179 883 1242 villa
897 1175 1100 1257 grassantibus
1112 1193 1199 1255 prae-

127 1261 255 1324 buisset.
290 1280 359 1324 nam
375 1280 515 1324 nummos
530 1265 562 1326 in
577 1274 766 1344 praesentem
782 1284 871 1328 usum
895 1265 986 1326 deum
1003 1271 1127 1324 matrem
1144 1279 1198 1341 pro

127 1348 187 1412 fide
202 1367 256 1412 sua
269 1348 460 1412 reddituram‘

1205 1487 1220 1512 0

216 1521 295 1604 ‘quid
310 1521 388 1601 ergo'
401 1521 499 1604 inquit
507 1523 671 1608 Eumolpus
685 1531 846 1588 ‘cessamus
855 1523 982 1587 mimum
994 1516 1198 1604 componere?

126 1608 216 1673 facite
232 1627 302 1687 ergo
317 1627 366 1670 me
382 1609 548 1682 dominum,
562 1611 589 1673 si
605 1611 764 1692 negotiatio
780 1609 893 1691 placet!
940 1629 1028 1672 nemo
1045 1627 1135 1670 ausus
1153 1615 1198 1670 est

75 1707 108 1759 15
127 1704 224 1757 artem
240 1693 381 1756 damnare
397 1695 469 1757 nihil
482 1697 676 1760 auferentem
714 1697 814 1776 itaque
827 1704 860 1757 ut
871 1697 992 1758 duraret
1001 1696 1079 1758 inter
1092 1712 1197 1756 omnes

127 1788 229 1844 tutum
245 1779 445 1856 mendacium,
466 1780 498 1842 in
513 1783 601 1846 verba
615 1783 754 1862 Eumolpi
775 1791 997 1844 sacramentum
1017 1780 1197 1842 iuravimus:

128 1865 186 1940 uri,
203 1863 319 1939 vinciri,
334 1865 484 1928 verberari
497 1869 639 1949 ferroque
656 1869 764 1938 necari,
781 1875 811 1928 et
826 1868 966 1948 quicquid
981 1867 1060 1930 aliud
1072 1865 1196 1931 Eumol-

127 1970 186 2031 pus
202 1950 349 2014 iussisset.
383 1959 527 2032 tanquam
539 1953 662 2033 legitimi
673 1953 849 2034 gladiatores
862 1954 984 2017 domino
997 1971 1122 2034 corpora
1131 1945 1196 2013 aniss

127 2054 253 2116 masque
267 2035 493 2116 religiosissime
508 2039 682 2104 addicimus.
716 2047 784 2120 post
798 2045 953 2120 peractum
974 2046 1195 2102 sacramentum

73 2136 107 2187 20
125 2121 275 2187 serviliter
290 2121 349 2184 ficti
371 2122 529 2188 dominum
547 2127 778 2198 consalutamus,
801 2127 970 2206 elatumque
989 2123 1027 2187 ab
1046 2123 1194 2204 Eumolpo

126 2208 221 2268 lilium
236 2207 349 2290 pariter
364 2209 572 2290 condiscimus
589 2211 729 2272 iuvenem
740 2211 869 2290 ingentis
881 2210 1069 2290 eloquentiae
1081 2217 1111 2270 et
1122 2208 1195 2289 spei,

125 2293 255 2374 ideoque
272 2293 441 2357 decivitate
460 2297 732 2364 suanuserrimum
754 2314 858 2358 senem
879 2295 983 2368 exisse,
1008 2315 1046 2358 ne
1069 2304 1121 2355 aut
1142 2292 1194 2355 cli·

126 2386 214 2442 entes
228 2377 403 2460 sodalesque
422 2380 474 2443 filii
488 2382 536 2444 sui
557 2390 606 2445 aut
622 2384 793 2462 sepulcrum
815 2382 947 2462 quotidie
968 2399 1087 2442 causam
1106 2379 1193 2442 lacri-

124 2482 247 2530 marum
262 2474 408 2526 cerneret.
442 2467 602 2530 accessisse
621 2467 691 2528 huic
704 2467 842 2530 tristitiae
855 2467 1027 2547 proximum
1043 2464 1193 2542 naufragi·

72 2567 108 2617 25
126 2569 190 2634 um,
207 2567 266 2632 quo
281 2551 409 2630 ampHus
425 2551 514 2614 vicies
533 2553 705 2616 sestertium
723 2552 869 2624 amiserit3
901 2570 958 2614 nee
977 2551 1060 2612 illum
1081 2549 1194 2613 iactura

126 2635 250 2712 moveri,
278 2636 329 2697 sed
353 2633 528 2701 destitutum
550 2637 714 2702 ministerio
739 2655 803 2700 non
827 2655 992 2718 agnoscere
1017 2635 1194 2716 dignitatem

125 2739 221 2784 suam.
256 2728 409 2800 praeterea
423 2723 531 2786 babere
551 2724 582 2786 in
603 2723 700 2784 Africa
721 2723 879 2786 trecenties
899 2721 1070 2785 sestertium
1090 2719 1192 2784 fundis

126 2805 364 2888 nominibusque
380 2808 565 2889 depositum
585 2829 655 2872 nam
671 2808 814 2870 familiam
830 2809 950 2890 quidem
973 2817 1035 2870 tam
1055 2826 1192 2886 magnam

124 2911 183 2972 per
198 2909 284 2970 agros
300 2891 456 2956 Numidiae
472 2915 539 2958 esse
552 2913 695 2976 sparsam,
710 2904 744 2956 ut
758 2895 854 2974 possit
866 2897 909 2957 vel
921 2893 1127 2972 Carthaginem
1144 2912 1193 2954 oa-

72 2992 106 3042 30
124 2996 208 3058 pere.
242 2979 406 3040 secundum
421 2982 497 3042 hanc
511 2981 671 3043 formulam
693 2981 876 3060 imperamus
891 2979 1048 3060 Eumolpo,
1072 2987 1105 3042 ut
1125 2978 1192 3059 plu-

124 3061 239 3129 rimum
255 3063 371 3138 tussiat,
389 3074 423 3128 ut
438 3066 477 3128 sit
492 3068 581 3136 modo
598 3066 748 3130 solutioris
765 3065 912 3129 stomachi
933 3065 1073 3146 cibosque
1088 3083 1193 3126 omnes

124 3149 225 3231 palam
239 3149 376 3227 damnet3
392 3152 530 3232 loquatur
545 3171 650 3216 aurum
666 3160 697 3214 et
712 3161 870 3230 argentum
881 3151 1051 3232 fundosque
1066 3149 1192 3212 menda-

126 3253 176 3295 ces
194 3241 223 3295 et
238 3244 414 3315 perpetuam
430 3245 579 3300 terrarum
595 3237 795 3316 sterilitatem;
821 3238 922 3300 sedeat
945 3244 1101 3318 praeterea
1116 3255 1192 3316 quo-

124 3319 200 3381 tidie
215 3320 252 3380 ad
267 3321 398 3384 rationes
413 3323 587 3406 tabulasque
601 3323 771 3386 testamenti
793 3323 931 3386 omnibus
947 3321 1087 3384 mensibus
1101 3340 1192 3383 reno·

72 3414 106 3466 35
125 3412 187 3466 vet.
210 3412 241 3467 et
252 3424 292 3467 ne
303 3407 375 3486 quid
386 3427 510 3472 scaenae
522 3411 652 3482 deesset,
666 3409 903 3490 quotiescunque
915 3409 1043 3490 aliquem
1056 3415 1194 3470 nostrum

125 3509 234 3552 vocare
249 3499 406 3569 tentasset,
421 3494 512 3558 alium
542 3514 596 3575 pro
612 3495 667 3556 alio
684 3503 812 3573 vocaret,
829 3503 862 3556 ut
877 3495 960 3556 facile
973 3500 1125 3576 appareret
1138 3494 1192 3554 do-

125 3577 245 3638 minum
259 3577 348 3640 etiam
365 3599 469 3643 eorum
484 3581 665 3654 meminisse,
682 3580 733 3661 qui
747 3588 919 3660 praesentes
936 3599 997 3642 non
1014 3590 1123 3643 essent.

195 3715 209 3767 l
223 3716 304 3770 latius
317 3715 326 3784 ΙΙ
340 3718 429 3785 Sputo
439 3719 553 3785 rapinam
562 3719 638 3774 istam
651 3716 659 3785 ll
674 3719 794 3784 datqnin]
807 3718 928 3789 annulata
937 3722 997 3772 haec
1009 3721 1194 3779 aaomaoman-

125 3782 168 3836 do.
180 3787 210 3836 in
220 3799 248 3838 re
260 3789 357 3838 incerta
368 3791 464 3840 tantam
474 3789 532 3840 duaa
545 3790 617 3842 modo
629 3788 745 3854 placeret
756 3790 846 3855 vestis,
863 3789 981 3856 quioquid
998 3789 1114 3854 exigerat
1126 3790 1194 3856 rupi-

125 3869 175 3904 nae
187 3870 271 3906 coruos
284 3852 294 3921 i
306 3856 338 3908 21
350 3857 506 3910 condicimus
519 3854 528 3923 d
542 3857 572 3910 31
583 3857 665 3920 modo}
675 3857 815 3924 {leguntur
831 3857 928 3925 aliiquid
938 3855 988 3910 tola
1000 3865 1029 3910 nt
1045 3874 1073 3909 so
1091 3857 1195 3910 simulat

126 3937 185 3973 esso
198 3919 207 3989 ss
221 3922 253 3972 33
275 3923 428 3978 felicitatem
439 3925 623 3992 Scultg‘oraaua

180 4006 277 4050 Petronii
290 4008 371 4051 satim
385 4010 417 4052 ad.
433 4011 454 4052 11
979 4012 995 4063 6
