2860 4340
508 177 512 182 ¹
592 181 735 234 PRIAPEA

278 340 339 402 sive
354 338 395 399 illi
409 336 535 398 laterum
550 355 603 397 seu
618 335 675 397 luit
690 333 761 397 artis
777 354 860 415 opus.

237 425 289 505 qui
304 423 446 504 quoniam
461 422 557 501 periit,
573 439 625 485 ros
640 438 723 483 nunc
737 420 893 493 intendite,
909 421 1026 501 qualem

279 529 345 572 esse
360 509 456 569 virum
471 507 576 580 sciero,
592 507 637 568 vir
651 507 690 568 sit
704 514 738 566 ut
752 505 801 567 ille
816 505 920 567 meus!

237 597 293 657 hac
306 613 369 672 ego,
384 592 544 673 Peneldpe,
559 592 644 672 potui
659 591 713 652 tibi
729 591 792 669 lege
807 592 933 671 placere,

279 680 328 742 illo
343 679 396 741 sed
412 679 546 739 noudum
562 686 699 757 tempore
714 677 809 738 tactus
825 695 916 738 eram.

603 876 730 940 uxvuu

239 985 311 1046 Cum
327 982 375 1043 fici
390 980 445 1042 tibi
460 982 590 1044 suavitas
606 979 719 1042 subibit

238 1078 267 1130 et
281 1069 339 1130 iam
354 1066 504 1147 porrigere
519 1069 578 1128 huc
592 1083 714 1128 manum
729 1063 841 1137 libebit,

238 1155 274 1216 ad
290 1173 339 1215 me
354 1153 475 1230 respice,
490 1154 548 1224 fur,
564 1161 593 1214 et
609 1151 773 1223 aestimato,

241 1247 313 1320 quot
326 1237 427 1317 pondo
443 1237 556 1300 esttibi
571 1236 735 1298 mentulam
749 1234 921 1297 caoaudum.

238 1541 331 1603 illusit
346 1538 420 1601 mihi
435 1558 544 1620 pauper
558 1539 730 1620 inquilinus,

239 1627 290 1707 qui
305 1646 373 1688 cum
388 1626 448 1687 libo
464 1626 567 1687 aderat
582 1625 721 1704 molaque
737 1626 813 1701 fusa,

239 1731 367 1792 quorum
382 1710 516 1791 partibus
531 1709 636 1772 abditis
651 1711 682 1771 iu
698 1711 810 1792 inguen

238 1817 322 1860 sacro
337 1797 474 1877 protinus
489 1796 560 1857 hinc
575 1794 637 1856 abit
650 1807 778 1876 peracto.

240 1882 325 1945 vicini
341 1882 420 1944 canis
434 1882 493 1943 huc
508 1879 635 1943 subinde
650 1880 732 1943 venit

239 1968 385 2038 nidorem,
401 1976 484 2047 puto,
499 1972 653 2046 persecuta
668 1967 751 2042 lumi,

241 2073 315 2135 quae
329 2052 470 2115 libamine
485 2053 637 2113 mentulae
652 2070 772 2117 comeso

239 2147 303 2199 tota
319 2147 406 2199 nocte
422 2137 494 2198 mihi
510 2136 574 2198 litat
590 2136 723 2216 rigendo.

240 2230 270 2285 at
286 2242 338 2284 vos
353 2223 480 2302 amplius
495 2223 631 2284 hocloco
648 2232 746 2286 cavete

241 2309 397 2388 quicquam
413 2326 533 2387 ponere,
550 2327 588 2368 ue
603 2307 807 2370 famelicorum

240 2393 278 2455 ad
292 2413 340 2455 me
354 2393 441 2455 turba
456 2393 526 2454 velit
540 2411 647 2455 cauum
663 2394 775 2467 venire,

240 2497 279 2539 ne
294 2479 365 2541 dum
380 2497 429 2540 me
444 2478 539 2540 colitis
555 2495 714 2559 meumque
729 2497 852 2550 numen,

241 2564 378 2626 custodes
392 2564 527 2624 habeatis
543 2562 712 2625 irrumatos.

588 2807 590 2813 .
613 2734 705 2797 LXXl

241 2841 272 2902 si
287 2839 445 2902 commissa
460 2858 544 2902 meae
560 2858 662 2920 carpes
676 2840 809 2920 pomaria
825 2860 923 2916 curae,

282 2925 379 2987 dulcia
394 2925 466 3005 quid
481 2925 596 2987 doleam
612 2927 747 3006 perdere,
764 2927 869 2990 doctus
885 2927 952 2990 eris.

616 3165 721 3228 LXXll

242 3270 377 3333 Tutelam
392 3268 527 3349 pomarii,
544 3269 670 3350 diligens
685 3269 799 3350 Priape,
815 3271 920 3333 facito:

241 3355 389 3418 rubricato
405 3354 521 3416 turibus
536 3355 650 3418 minare
666 3355 792 3418 mutino.

241 3555 328 3628 Quod
343 3573 478 3626 monem,
492 3571 555 3616 non
572 3562 627 3627 est,
645 3554 714 3634 quia
729 3554 755 3616 si
769 3553 917 3618 furaberis
932 3555 996 3635 ipse

283 3641 406 3719 grandia
422 3641 506 3713 mala,
521 3640 573 3702 tibi
590 3640 709 3702 brachia
725 3658 824 3702 macra
840 3639 924 3702 dabo.

201 3778 278 3830 LXX
290 3780 305 3829 2
318 3793 374 3829 cum
387 3775 467 3827 libido
478 3777 566 3828 deerat
580 3775 585 3842 Ι
600 3779 714 3844 sonasse
730 3777 799 3828 salsa
811 3775 849 3896 13
863 3793 968 3843 quarum
984 3776 989 3844 1
1004 3777 1088 3842 iguem
1100 3777 1203 3845 pareli-

130 3851 238 3900 drorum
251 3845 260 3914 11
273 3849 289 3899 6
301 3853 436 3914 prosecuta
450 3843 459 3911 11
472 3844 559 3896 LXXI
573 3846 587 3895 2
602 3847 644 3912 qui
655 3847 776 3898 Heinsius
788 3844 797 3913 11
832 3845 907 3898 XXll
913 3849 1061 3916 praeposita
1070 3847 1144 3898 verda
1156 3861 1204 3896 nu·

132 3918 216 3969 morie
228 3914 311 3967 soluta
324 3914 334 3983 11
347 3914 362 3964 3
375 3928 488 3964 moneam
