2864 4344
588 166 730 222 saltatu
1156 173 1196 235 33

33 323 34 346 ’
80 355 102 404 tt
209 358 240 410 et
262 349 350 429 plane
373 347 572 426 interpellarit
594 349 758 410 saltationis
780 346 934 410 libidinem
957 348 1121 421 actuarius,
1144 349 1197 430 qui
1209 350 1249 414 53

116 447 263 517 tanquam
273 433 355 496 urbia
366 433 585 495 actarecitavit:
599 435 667 496 ‘Vll
677 434 817 496 kalendas
825 433 958 496 sextiles:
971 434 1197 515 inpraediodu·

117 539 218 593 mano,
233 520 316 600 quod
326 527 372 580 est
383 518 619 589 Trimalchionis,
638 521 699 582 nati
711 529 782 582 sunt
799 520 885 600 pueri
901 519 990 593 XXX,
1006 521 1120 600 puellae
1131 520 1196 596 xm

117 609 238 672 sublata
251 607 283 668 in
294 607 435 668 homerum
449 623 485 666 ex
497 623 563 666 area
575 606 762 668 triticimillia
771 605 903 668 modium
915 606 1093 686 quingenta3
1105 607 1196 669 borea

88 699 102 747 5
120 693 231 756 domiti
248 690 414 772 quingenti.
441 691 546 752 eodem
563 693 625 752 die:
646 689 830 754 Mithridates
846 711 949 754 servus
963 693 996 753 in
1012 711 1131 754 crucem
1147 711 1196 756 ae·

117 785 247 848 tuaest,
275 777 343 858 quia
360 775 412 838 Gai
434 777 530 839 nostri
552 778 640 857 genio
662 779 861 840 maledixerat.
897 778 1004 839 eodem
1017 778 1077 840 die:
1100 779 1133 840 in
1148 797 1198 840 ar-

33 943 34 948 ¹
119 885 186 930 eam
204 863 332 926 relatum
350 870 405 934 cat,
435 863 515 942 quod
531 865 665 926 collocari
682 883 744 926 non
760 864 872 944 potuit,
888 866 1060 928 sestertium
1076 866 1197 928 centies.

33 955 34 960 ’
122 953 232 1014 eodem
246 951 309 1013 die:
322 948 495 1010 incendium
508 949 622 1012 facturn
635 959 679 1011 est
691 950 721 1010 in
733 950 829 1012 hortis
841 950 1038 1028 Pompeianis,
1051 963 1152 1013 ortum
1165 971 1200 1015 ex

33 1011 35 1096 l
119 1037 246 1100 aedibus
264 1035 373 1096 Nastae
392 1033 487 1095 uilici.²
517 1034 630 1114 ‘quidl'
661 1035 758 1117 inquit
774 1036 952 1098 Trimalchio
975 1037 1104 1116 ‘quando
1126 1037 1200 1098 mihi

77 1123 103 1175 10
122 1121 300 1203 Pompeiani
316 1120 394 1182 horti
411 1120 502 1200 empti
518 1119 619 1182 sunt?
643 1126 733 1186 ‘anuo
751 1121 858 1201 priore'
881 1122 980 1202 inquit
995 1122 1143 1184 actuarius
1160 1130 1200 1184 ‘et

121 1211 190 1273 ideo
203 1213 235 1270 in
248 1206 397 1270 rationem
405 1205 538 1268 noudum
547 1205 714 1269 uenerunt!
728 1207 1069 1270 excanduitTrimalehio
1081 1216 1112 1269 et
1123 1208 1199 1287 ‘qui-

122 1294 253 1375 cunque’
269 1292 369 1372 inquit
384 1291 467 1352 ‘mihi
479 1293 564 1354 tundi
577 1293 668 1373 empti
681 1293 802 1367 fuerint,
821 1293 880 1358 nisi
891 1293 968 1354 intra
981 1301 1098 1355 sextum
1112 1313 1199 1355 men·

122 1399 187 1442 sem
201 1379 307 1450 sciero,
324 1377 356 1438 in
369 1377 502 1438 rationes
515 1397 597 1440 meas
611 1379 717 1440 inferri
732 1378 840 1440 vetuo!
864 1379 922 1442 iam
938 1379 1027 1439 etiam
1041 1379 1136 1442 edicta
1149 1399 1198 1441 ae·

125 1467 232 1528 dilium
248 1462 449 1526 recitabantur
470 1471 499 1524 et
517 1457 727 1526 saltuariorum
742 1471 927 1538 testamenta,
950 1464 1058 1544 quibus
1073 1465 1200 1527 Trimal-

82 1560 108 1609 tt
125 1552 192 1614 chio
209 1568 277 1612 cum
294 1548 389 1628 elogio
405 1550 653 1622 exheredabatur3
673 1551 732 1611 iam
752 1551 875 1613 nomina
891 1549 1046 1612 vilicorum
1065 1559 1095 1613 et
1109 1569 1200 1631 repu-

124 1638 202 1701 diata
224 1655 242 1697 a
261 1634 398 1696 circitare
420 1633 525 1697 liberta
545 1637 576 1696 in
598 1635 777 1698 balneatoris
793 1636 992 1698 contubernio
1014 1637 1200 1716 deprebensa

125 1732 154 1785 et
169 1721 310 1785 atriensis
324 1720 409 1782 Baias
425 1722 586 1800 relegatum
612 1721 672 1783 iam
694 1741 766 1784 reus
785 1723 882 1783 lactus
897 1721 1088 1802 dispensator
1103 1729 1134 1784 et
1148 1721 1197 1783 iu·

125 1810 237 1872 dicium
253 1807 333 1868 inter
348 1805 542 1870 cubicularios
558 1816 665 1869 actum.

209 1892 409 1974 petauristarii
435 1901 538 1956 autern
560 1894 682 1954 tandem
703 1901 858 1954 uenerunt.
886 1891 959 1953 haro
983 1891 1201 1956 insulsissimus

84 1997 111 2048 tu
129 2000 198 2044 cum
212 1979 300 2041 scalis
316 1979 450 2040 constitit
470 1997 660 2064 puerumque
675 1979 762 2042 iussit
781 1999 836 2058 per
850 1979 957 2058 gratim
980 1988 1009 2041 et
1030 1980 1062 2041 in
1085 1998 1202 2042 summa

126 2073 210 2148 parte
227 2065 325 2126 odaria
342 2064 458 2137 saltare,
476 2066 603 2128 circulos
619 2066 726 2133 deinde
738 2065 875 2127 ardentes
891 2065 1042 2128 transilire
1058 2073 1087 2128 et
1103 2067 1202 2128 denti-

33 2187 34 2220 r
126 2154 183 2215 bus
198 2151 373 2231 amphoram
391 2152 546 2214 sustinere.
580 2152 747 2213 mirabatur
766 2148 839 2213 lrae'e
859 2152 939 2212 solus
955 2151 1132 2214 Trimalchio
1156 2152 1202 2212 di-

33 2233 34 2248 *
128 2240 272 2318 cebatque
287 2237 435 2314 ingratum
452 2238 609 2299 artificium
621 2257 696 2300 ease.
730 2245 863 2300 ceterum
888 2237 947 2298 duo
970 2257 1035 2299 esse
1058 2238 1089 2299 in
1111 2237 1202 2300 rebus

127 2323 276 2396 humanis,
301 2341 376 2402 qnae
391 2323 588 2386 libentissime
609 2330 767 2404 spectaret,
789 2323 1013 2404 petauristarios
1030 2332 1059 2385 et
1074 2324 1203 2385 cornici-

86 2430 113 2480 25
130 2429 198 2486 nes3
209 2409 323 2488 reliqua
335 2409 493 2486 [animalia]
506 2410 769 2472 acroamatatrioas
781 2429 878 2473 meras
893 2429 968 2471 esse.
986 2417 1066 2473 ‘nam
1079 2419 1109 2470 et
1119 2428 1202 2471 com-

128 2495 226 2560 oedos'
249 2494 348 2574 inquit
371 2491 522 2568 ‘emeram
547 2498 597 2560 sed
621 2497 712 2558 malui
733 2497 798 2558 illos
826 2495 1000 2558 Atellaniam
1024 2497 1137 2570 lacere,
1173 2504 1203 2556 et

33 2577 35 2718 ἱ
128 2581 287 2646 choraulen
303 2600 404 2642 meum
419 2581 494 2644 iussi
509 2581 614 2644 Latine
631 2581 770 2644 cantare)
1095 2639 1099 2647 .

33 2719 34 2752 ,
212 2686 281 2728 eum
298 2667 427 2729 maxime
441 2669 514 2730 haec
529 2667 646 2731 dicente
662 2667 733 2729 Gaio
750 2685 825 2748 puer
1214 2674 1266 2736 54'

33 2807 34 2810 ,
130 2752 355 2817 Trimalchionis
368 2753 506 2834 delapsus
520 2763 573 2816 est.
598 2753 790 2816 conclamavit
805 2752 926 2827 familia,
945 2770 1001 2815 nee
1014 2752 1114 2814 minus
1128 2768 1201 2814 con-

87 2863 114 2915 30
131 2841 222 2912 uiuae,
240 2857 300 2898 non
313 2846 434 2918 propter
446 2841 598 2902 hominem
611 2850 671 2903 tam
685 2839 831 2920 putidum,
846 2839 930 2901 euius
944 2845 974 2900 et
986 2839 1113 2900 eervices
1125 2839 1203 2900 frac-

130 2937 172 2988 tas
188 2926 318 2986 libenter
332 2925 486 2999 vidissent,
509 2929 561 2988 sed
577 2936 700 3006 propter
714 2927 827 3000 malum
843 2926 955 2987 exitum
975 2944 1074 2998 cenae,
1094 2944 1133 2986 ne
1148 2942 1202 2985 ne·

33 3077 34 3082 ,
130 3031 211 3076 cesse
226 3010 371 3072 haberent
394 3012 523 3072 alienum
541 3020 692 3074 mortuum
713 3013 838 3091 plorare.
862 3012 925 3090 ipse
940 3010 1118 3072 Trimalchio
1134 3029 1201 3072 curn
1230 3027 1232 3032 ’

33 3087 39 3116 '
130 3099 257 3179 graviter
273 3097 470 3174 ingemuisset
485 3117 633 3178 superque
655 3098 808 3162 brachium
830 3105 972 3176 tanquam
988 3099 1101 3158 laesum
1117 3097 1203 3157 ineu-

130 3185 257 3257 buisset,
281 3201 458 3245 concurrere
480 3185 599 3259 medici,
623 3194 652 3245 ct
666 3184 746 3244 inter
761 3183 875 3262 primos
890 3182 1053 3245 Fortunata
1069 3179 1202 3243 crinibus

90 3300 117 3350 35
134 3270 227 3350 passis
244 3287 312 3330 cum
328 3270 446 3348 scypho,
469 3271 669 3350 miseramque
684 3290 717 3331 se
733 3279 820 3349 atque
834 3268 985 3331 infelicem
1003 3268 1202 3348 proclamavit.

33 3365 36 3474 p
134 3375 201 3418 nam
217 3373 293 3434 puer
309 3355 445 3434 quidem,
470 3357 520 3438 qui
536 3357 697 3431 ceciderat,
719 3355 893 3417 circumibat
907 3353 967 3414 iam
983 3354 1096 3415 dudum
1112 3353 1203 3434 pedes

132 3449 248 3517 nostros
266 3446 294 3500 et
310 3440 484 3502 missionem
500 3442 630 3521 rogabat.
660 3442 791 3524 pessime
808 3439 879 3502 mihi
896 3448 968 3512 erat,
989 3440 1089 3502 ne‘his
1105 3439 1203 3519 preci·

33 3481 35 3576 l
130 3527 186 3588 bus
198 3545 251 3606 per
266 3525 424 3587 ridiculum
440 3527 547 3608 aliquid
561 3529 745 3608 catastropha
762 3535 964 3608 quaereretur.
984 3545 1040 3588 neu
1057 3525 1137 3587 enim
1150 3524 1203 3587 ad·
1222 3600 1226 3608 „

33 3615 34 3696 l
133 3615 190 3674 hcc
204 3611 355 3674 exciderat
367 3631 454 3676 cocus
469 3615 527 3688 ille,
551 3615 602 3695 qui
626 3615 733 3676 oblitus
756 3615 855 3676 fuerat
877 3631 1002 3694 porcum
1019 3611 1202 3700 ‚exinterare

91 3710 118 3760 tt
134 3698 230 3778 itaque
253 3705 350 3760 totum
373 3699 601 3780 circumspicere
617 3701 778 3762 triclinium
801 3701 898 3786 *coepi
922 3719 960 3761 ne
982 3717 1037 3780 per
1058 3698 1204 3780 parietem

33 3763 35 3824 l

198 3895 228 3946 21
242 3897 357 3948 transire
371 3895 379 3964 ll
392 3897 425 3948 ‘tt
438 3899 555 3950 cornices
569 3897 578 3967 l}
591 3901 623 3950 25
637 3898 820 3951 aromatarieas
834 3895 845 3967 ΙΙ
856 3897 887 3949 tt
903 3896 958 3965 sed]
970 3903 997 3948 et
1011 3894 1015 3962 Ι
1031 3893 1136 3947 atellam
1148 3891 1158 3966 ΙΙ
1172 3891 1204 3948 28

132 3966 217 4032 corpses·
222 3966 331 4032 fragm.
345 3963 400 4017 XV
409 3965 420 4034 fl
433 3967 464 4018 38
477 3969 590 4036 periculo
603 3968 698 4040 aliquid

183 4049 280 4094 Petronii
289 4051 368 4095 satirae
378 4052 411 4097 ed.
422 4053 445 4096 Il
986 4053 1000 4105 3
