2864 4344
229 139 269 203 38
687 132 843 190 rnruoxn

175 303 215 365 60
313 312 368 355 nec
382 281 434 354 eii
449 291 551 354 mirari
568 289 650 352 lictxit
665 295 724 352 tam
741 291 889 372 elegantes
904 291 1056 372 strophas3
1077 309 1146 353 narn
1168 301 1295 373 repente
1315 299 1344 350 11

228 379 375 444 lacunaria
391 396 498 440 sonare
514 381 679 456 coeperunt
692 383 851 457 totumque
865 376 1026 438 triclinium
1038 377 1204 440 intremuit.
1220 397 1296 441 con-

228 472 378 528 sternatus
394 483 446 544 ego
464 461 614 524 exsurrexi
634 467 664 522 et
685 461 782 536 timui,
805 481 844 524 ne
864 482 918 542 per
937 470 1050 524 tectum
1071 463 1298 542 petauristarius

228 550 332 632 aliquis
349 549 553 611 descenderet.
586 565 643 608 nec
655 546 756 609 minus
767 533 873 627 rieliqui
884 548 1023 610 convivae
1035 548 1177 611 mirantes
1190 569 1298 611 erexe-

227 657 261 700 re
275 635 385 708 vultus‚
401 640 587 713 expectantes
604 631 674 712 quid
690 633 759 694 novi
775 635 810 695 de
826 635 907 695 caelo
923 634 1123 696 nuntiaretur.
1158 654 1226 697 ecce
1240 655 1295 697 au·
1315 645 1332 696 5

229 733 290 784 tern
306 719 435 782 diductis
450 717 639 782 lacunaribus
662 717 761 780 subito
776 719 903 780 circulus
919 720 1035 797 ingens,
1058 720 1094 781 de
1115 739 1191 800 cupa
1211 721 1296 782 vide-

228 808 298 870 licet
311 806 415 886 grandi
427 822 577 876 excussus,
591 803 768 878 demittitur,
789 804 874 866 cuins
890 824 944 885 per
963 813 1062 866 totum
1083 806 1188 867 orbem
1209 825 1298 868 coro-

228 911 286 955 nae
301 911 369 954 oum
384 890 538 953 alabastris
552 889 698 966 unguenti
718 890 897 968 pendebant.
932 891 1004 953 dum
1024 892 1098 953 haec
1117 893 1298 972 apophoreta

230 978 368 1041 iubemur
383 994 512 1048 sumere,
527 973 692 1053 respiciens
707 977 742 1036 ad
759 993 892 1038 mensam

228 1065 288 1126 iam
309 1063 367 1124 illic
382 1060 592 1142 repositorium
608 1077 677 1120 curn
692 1060 833 1140 placentie
848 1061 960 1141 aliquot
975 1068 1038 1122 erat
1052 1063 1195 1142 positum,
1215 1064 1297 1144 qnod
1318 1074 1353 1124 tn

230 1150 362 1212 medium
379 1147 502 1226 Priapus
518 1167 535 1208 a
549 1145 662 1225 pistore
676 1144 771 1208 faetus
786 1147 917 1218 tenebat,
932 1146 1106 1230 gremioque
1119 1147 1298 1228 satisamplo

230 1234 328 1297 omnis
344 1232 463 1313 generis
477 1250 565 1312 poma
580 1237 610 1293 et
625 1249 696 1292 uvae
712 1233 877 1294 sustinebat
888 1250 972 1293 more
982 1232 1111 1311 vulgato.
1134 1232 1248 1294 avidius
1260 1235 1299 1296 ad

229 1338 370 1401 pompam
386 1337 494 1380 manus
509 1316 709 1397 porreximus,
731 1317 783 1379 sed
797 1325 922 1399 repente
943 1335 1020 1379 nova
1038 1319 1179 1380 ludorum
1194 1319 1298 1381 missio

229 1405 408 1467 bilaritatem
424 1403 472 1465 hic
486 1401 599 1464 reiecit.
623 1420 729 1463 omnes
745 1404 823 1464 enim
845 1404 998 1484 placentae
1026 1403 1299 1484 omniaquepoma

230 1491 321 1552 etiam
336 1489 460 1550 minima
480 1487 637 1552 vexatione
653 1495 788 1554 contacta
804 1496 968 1568 coeperunt
988 1489 1142 1551 effundere
1165 1507 1297 1562 mecum,
1318 1505 1352 1559 15

231 1583 261 1637 et
276 1593 373 1654 usque
389 1575 425 1636 ad
442 1593 475 1636 os
491 1574 637 1634 molestus
652 1575 762 1635 humor
774 1574 917 1637 accidere.
947 1574 1004 1636 rati
1016 1593 1084 1656 ergo
1096 1594 1214 1637 sacrum
1231 1595 1299 1656 esse

228 1661 398 1743 peniculum
414 1666 475 1721 tam
489 1658 626 1736 religioso
643 1665 784 1739 apparatu
798 1661 963 1740 perfusum,
977 1661 1219 1724 consurreximus
1230 1662 1300 1724 alti-

163 1786 165 1792 ·
230 1766 266 1808 ns
280 1754 311 1808 et
326 1746 479 1823 ‘Auguste
501 1745 577 1824 patri
592 1744 712 1823 patriae,
733 1745 866 1810 feliciter’
885 1745 1021 1808 diximus.
1055 1747 1231 1827 quibusdam
1252 1755 1300 1809 ta-

230 1849 299 1893 men
324 1832 415 1892 etiam
443 1829 611 1910 posthanc
636 1832 859 1894 venerationem
880 1849 967 1910 poma
987 1832 1170 1912 rapientibus
1197 1843 1227 1894 et
1241 1832 1300 1912 ipsi

231 1935 353 1997 mappas
369 1916 568 1996 implevimus,
584 1933 638 1994 ego
653 1917 822 1997 praecipue,
837 1917 888 1997 qui
899 1916 980 1978 nullo
995 1919 1067 1980 satis
1078 1919 1175 1998 amplo
1187 1937 1299 1981 mnne·
1317 1929 1352 1980 20

228 2002 416 2082 reputabam
433 2020 481 2063 me
506 2019 633 2062 onerare
654 2002 775 2065 Gitonis
792 2003 902 2064 sinum.

314 2087 394 2148 inter
413 2087 486 2148 haec
513 2095 576 2148 tres
597 2087 681 2168 pueri
703 2088 843 2150 candidas
865 2089 1010 2151 succincti
1029 2089 1146 2150 tunicas
1166 2089 1299 2153 intrave-

231 2180 313 2246 runt,
328 2173 455 2252 quorum
472 2173 531 2235 duo
541 2173 631 2235 Lares
646 2172 773 2235 bullatos
786 2193 877 2253 super
887 2183 1205 2256 mensamposuerunt
1220 2193 1299 2238 unus

232 2267 369 2340 pateram
383 2257 444 2320 vini
460 2258 673 2320 circumferens
688 2259 738 2321 ‘dii
751 2258 882 2342 propitii'
898 2261 1052 2323 clamabat.

231 2345 327 2406 aiebat
342 2352 441 2406 autem
457 2361 553 2405 unum
568 2345 744 2418 Cerdonem,
759 2347 886 2408 alterum
897 2345 1088 2418 Felicionem,
1103 2347 1225 2408 tertium
1237 2347 1301 2410 Lu·

231 2431 363 2492 crionem
377 2429 484 2490 vocari.
517 2447 574 2492 nos
590 2430 680 2491 etiam
695 2449 794 2493 veram
814 2431 973 2510 imaginem
993 2433 1087 2512 ipsius
1102 2431 1299 2495 Trimalchio·
1318 2447 1351 2498 25

233 2515 291 2590 nis,
307 2534 375 2577 cum
388 2515 448 2578 iam
463 2533 568 2578 omnes
583 2515 745 2588 basiarent,
761 2516 935 2579 erubuimus
951 2518 1122 2598 praeterire.

181 2597 219 2658 61
318 2609 477 2682 postquam
494 2620 563 2680 ergo
579 2619 684 2686 omnes
698 2603 807 2666 bonam
823 2607 966 2664 mentem
977 2603 1145 2684 bonamque
1160 2603 1300 2666 valitudi-

230 2704 301 2748 nem
317 2687 373 2749 sibi
388 2695 538 2765 optarunt,
553 2687 732 2748 Trimalchio
743 2689 780 2750 ad
792 2689 961 2752 Nicerotem
973 2689 1101 2769 respexit
1122 2694 1161 2749 et‘
1173 2689 1300 2752 solebas'

230 2771 328 2850 inquit
348 2771 479 2833 ‘suavius
504 2790 571 2832 esse
590 2771 621 2832 in
643 2773 796 2848 convictu,
823 2774 925 2835 nescio
947 2775 1019 2854 quid
1039 2791 1121 2838 nunc
1140 2783 1220 2836 taces
1244 2795 1301 2838 nec

177 2905 179 2908 v
232 2856 346 2918 muttis.
382 2875 435 2918 oro
450 2862 491 2930 te,
506 2857 548 2918 sic
562 2856 677 2918 felicem
694 2877 743 2919 me
759 2859 867 2931 videas,
883 2877 971 2920 narra
987 2860 1059 2921 illud
1075 2860 1155 2940 quod
1171 2858 1225 2922 tibi
1240 2879 1299 2924 usu
1318 2878 1350 2928 30

230 2939 332 3004 venit!
369 2941 490 3004 Niceros
511 2942 673 3005 delectatus
701 2944 871 3006 affabilitate
891 2945 975 3008 amici
1001 2951 1100 3007 ‘omne
1122 2945 1180 3006 me'
1199 2945 1299 3026 inquit

232 3026 356 3089 ‘lucrum
371 3034 512 3099 transeat,
535 3028 592 3089 nisi
607 3028 665 3090 iam
682 3030 795 3092 dudum
818 3030 1010 3109 gaudimonio
1030 3030 1150 3104 dissilio,
1167 3033 1247 3110 quod
1267 3040 1298 3094 te

231 3113 320 3173 talem
336 3111 430 3174 video.
463 3113 564 3193 itaque
580 3113 681 3176 hilaria
696 3129 778 3178 mera
792 3116 861 3190 sint,
878 3118 934 3179 etsi
949 3117 1041 3178 timeo
1057 3117 1128 3178 istos
1140 3117 1299 3179 scholasti·

232 3215 292 3270 cos,
307 3216 347 3258 ne
367 3197 554 3261 merideant.
588 3199 731 3262 viderint:
748 3202 874 3263 narrabo
893 3209 1012 3276 tament
1034 3203 1104 3284 quid
1122 3201 1203 3264 enim
1221 3203 1297 3265 mibi
1424 3251 1425 3282 ,

232 3283 337 3357 aufert,
364 3283 415 3362 qui
429 3282 531 3345 ridet?
565 3285 655 3347 satius
672 3294 718 3347 est
731 3287 822 3350 rideri
844 3305 934 3366 quam
957 3287 1106 3350 derideri!
1138 3288 1224 3349 “haec
1246 3289 1297 3350 ubi
1316 3301 1348 3351 ³5

233 3367 310 3431 dicta
325 3367 425 3438 dedit,
440 3370 530 3431 telem
545 3370 674 3432 labulam
690 3389 813 3434 exorsus
829 3380 888 3433 est:

318 3458 397 3514 ‘curn
414 3454 509 3516 adhuc
524 3454 675 3528 servirem,
691 3457 895 3518 habitabamus
919 3457 953 3518 in
969 3458 1033 3520 vico
1053 3465 1194 3536 angust03
1215 3476 1299 3520 nuno

299 3661 315 3714 6
331 3662 452 3720 dedoctus
469 3663 480 3728 ll
504 3666 534 3722 13
556 3666 587 3723 ad
607 3663 724 3732 Priapum
747 3663 858 3722 umorue
877 3664 881 3732 Ι
900 3673 927 3720 et
942 3672 1052 3802 repente
1073 3666 1077 3732 l
1099 3631 1218 3729 remissio
1237 3666 1246 3734 ΙΙ
1266 3669 1298 3721 14

231 3727 366 3796 liquefecit
376 3733 471 3782 cochei
481 3729 490 3798 11
506 3733 536 3785 16
549 3749 594 3786 uos
607 3727 617 3798 ll
632 3733 663 3786 ll
674 3733 816 3800 periculum
829 3729 840 3800 11
855 3733 885 3784 19
897 3734 966 3800 ipsas

1003 3734 1036 3784 24
1047 3735 1176 3794 lucrcnem
1189 3731 1200 3804 1
1212 3735 1246 3792 34
1256 3751 1298 3790 mc

231 3797 366 3850 derideant
377 3799 473 3852 viderit
