2860 4340
590 166 732 221 Pnllrul

612 323 703 386 LXIII

234 426 344 489 Parum
360 434 405 488 cst
418 425 493 488 mihi
508 426 589 505 quod
603 427 652 488 hic
666 427 716 488 fixi
731 429 831 488 sedem

234 521 338 590 agente
352 519 432 572 terra
448 528 501 591 pcr
516 511 677 575 caniculam
694 513 784 575 rimas

234 598 415 658 siticulosum
432 597 616 658 sustInemus
633 603 784 658 aestatem.

233 701 349 762 parum,
365 683 445 761 quod
459 681 564 742 hiemis
579 683 731 760 perfluunt
746 683 829 744 alnos
844 684 955 746 imbres

233 774 262 828 et
276 768 308 829 In
323 769 442 846 capillos
457 767 617 844 grandines
633 767 744 828 cadunt
765 777 884 831 nostros
1140 779 1155 828 5

232 853 366 932 rigetque
381 853 454 912 dura
470 851 558 912 barba
577 852 672 913 vincta
688 855 833 932 crystallo.

232 956 347 1018 parum,
363 936 442 1016 quod
457 941 521 997 acta
537 935 592 996 sub
607 935 757 998 laboribus
773 939 839 1000 luce
947 967 950 972 ·

232 1041 332 1103 parem
349 1022 453 1083 diebus
468 1021 590 1100 pervigil
605 1023 690 1083 traho
707 1031 836 1085 noctem.

231 1108 291 1168 huc
305 1107 390 1180 adde,
407 1105 486 1186 quod
501 1125 549 1166 me
564 1105 727 1168 terribilem
742 1105 822 1169 fuste

232 1210 340 1253 manus
356 1193 420 1253 sine
436 1199 499 1252 arte
514 1191 641 1252 rusticae
657 1192 839 1266 dolaverunt,
904 1237 905 1246 a

232 1277 370 1356 interque
386 1283 510 1337 cunctos
527 1277 664 1338 ultimum
678 1279 748 1338 deos
761 1297 875 1341 numen

232 1361 455 1424 cucurbitarum
470 1359 587 1440 ligneus
602 1381 693 1423 vocor
708 1370 817 1424 costos.

232 1447 344 1509 accedit
359 1447 423 1508 istis
439 1445 638 1525 impudentiae
654 1447 782 1526 signum,

231 1532 392 1594 libidInoso
407 1538 491 1593 tenta
506 1531 635 1612 pyramis
651 1551 751 1594 nervo.

233 1617 269 1678 ad
285 1618 361 1679 banc
376 1617 473 1696 puella
488 1655 530 1664 -
545 1634 640 1697 paene
655 1636 768 1700 nomen
784 1619 876 1681 adieci
892 1656 933 1666 —

232 1702 307 1764 solet
321 1701 422 1764 venire
438 1719 503 1763 oum
521 1721 576 1764 suo
593 1699 734 1776 fututum,

232 1807 309 1868 quae
324 1795 369 1848 tot
383 1788 501 1866 figuras,
518 1794 591 1866 quot
607 1787 754 1849 Philaenis
771 1797 899 1863 enarrat,
990 1787 993 1792 “

232 1891 294 1934 non
309 1873 439 1935 inventis
453 1872 590 1953 pruriosa
604 1872 738 1952 discedit.

608 2055 714 2120 LXIIII

233 2163 358 2235 Quidam
374 2160 621 2306 molliopanseris
637 2162 765 2225 medulla

233 2249 362 2310 furatum
377 2246 459 2308 venit
495 2265 533 2307 uc
547 2266 648 2308 amore
663 2267 794 2326 poenae:

233 2335 349 2395 iuretur
362 2333 430 2395 licet
446 2335 551 2412 usque,
560 2350 629 2394 non
643 2333 758 2394 videbo.

619 2504 694 2568 LXII

233 2609 287 2671 llic
301 2607 371 2681 tibis
382 2607 431 2683 qui
448 2615 547 2670 rostro
563 2608 724 2672 crescentia
736 2608 798 2674 ‚lilia
813 2607 929 2683 mersit,

276 2693 409 2756 caeditur
424 2713 440 2755 e
456 2693 555 2774 tepida
570 2692 687 2754 victIma
702 2713 811 2773 porcus
826 2695 907 2756 bara.

233 2799 272 2844 ne
286 2788 389 2840 tamen
404 2779 574 2840 exanimum
589 2779 679 2840 iacias
694 2797 784 2859 pecus
801 2799 901 2854 omne,
917 2781 1033 2860 Priape,

275 2864 355 2984 horti
371 2864 418 2938 sit,
435 2865 532 2938 facias,
548 2865 637 2927 ianua
653 2865 749 2927 clause
765 2865 818 2926 tui.

615 3063 703 3126 LXVI

234 3171 289 3245 Tu,
305 3189 381 3250 quae
396 3188 434 3230 nc
450 3166 549 3229 videas
565 3173 667 3228 notam
680 3166 805 3240 nbilam,

234 3256 306 3317 hinc
321 3254 470 3326 averteris,
487 3259 520 3315 ut
532 3253 615 3315 decet
630 3253 787 3333 pudIcam:

235 3361 250 3403 a
267 3341 376 3403 mirum
392 3339 451 3401 nisi
466 3339 546 3419 quod
561 3339 650 3400 times
667 3339 776 3410 videre,

234 3427 312 3489 Intra
327 3425 438 3488 viscera
454 3425 564 3485 habere
580 3422 774 3504 concupiscis.

197 3626 277 3678 LXIII
296 3628 306 3676 l
327 3617 503 3678 restiluendue
516 3639 605 3678 versus
627 3624 742 3676 adhunc
764 3623 871 3676 medem
886 3625 955 3676 humi
975 3625 1038 3693 quod
1057 3625 1099 3675 hic
1118 3625 1197 3675 semel

127 3699 216 3765 pedem
232 3696 278 3746 lini
291 3693 300 3760 11
319 3697 334 3746 4
351 3696 395 3746 imi
410 3697 568 3760 superfluunt
580 3691 618 3760 116
635 3695 698 3743 duro
716 3693 834 3744 Heinsius
847 3691 884 3758 119
901 3693 969 3744 fuste
994 3695 1024 3744 de
1041 3693 1100 3744 rudi
1117 3693 1196 3744 vilem

52 3804 56 3808 -
127 3765 247 3832 Scaliger
259 3762 269 3832 11
286 3765 315 3814 lb
332 3765 362 3815 ed
381 3766 444 3814 haec
457 3761 485 3814 L.
501 3762 639 3814 Muellerus
652 3759 661 3828 11
678 3763 706 3814 ll
720 3777 767 3826 quo
779 3761 898 3812 Heinsius
910 3759 919 3829 11
936 3763 965 3814 18
982 3777 1031 3813 noa
1044 3761 1197 3812 admovente

127 3835 254 3886 Heinsius.
266 3833 386 3899 sortasse
398 3848 446 3882 non
459 3831 592 3881 edocentis
611 3846 656 3880 nos
675 3845 767 3896 perosa
780 3827 790 3898 11
808 3829 880 3883 LXV
898 3835 910 3884 1
929 3831 1020 3882 mersit
1032 3827 1041 3896 11
1054 3831 1071 3880 4
1080 3831 1198 3896 sortasse

128 3903 165 3953 sit
176 3902 283 3968 posthac
295 3903 306 3966 11
319 3899 402 3951 LXVI
412 3902 427 3950 3
437 3899 558 3949 nimirum
