2864 4344
657 117 812 172 Pll'l'llollll

335 351 398 393 non
412 327 488 392 bibit
502 331 581 392 inter
597 347 687 411 aquas
704 347 790 410 poma
806 335 857 392 aut
870 329 1032 411 pendentia
1044 331 1140 413 carpit
1286 339 1307 394 h

378 417 519 478 Tantalus
534 414 646 489 infelix,
662 433 752 495 quem
768 434 820 477 sua
836 423 903 476 rota
918 425 1068 496 premunt.

337 503 437 567 divitis
452 502 525 564 haec
538 500 638 582 magni
651 499 739 562 facies
756 501 821 574 crit,
837 501 937 564 omnia
953 501 1064 565 circum

379 588 430 668 qui
444 595 528 651 tenet
544 595 573 650 et
587 587 665 649 sicco
681 587 839 668 concoquit
853 606 904 649 ore
917 587 1039 649 famem.

293 749 355 792 non
376 730 502 792 multum
522 736 640 810 oportet
668 727 788 791 consilio
815 728 948 803 credere,
974 727 1042 808 quia
1068 747 1154 791 suam
1179 730 1302 802 habeta

121 871 124 880 ,
207 817 327 879 fortuna
342 817 489 880 rationem

729 927 748 966 a

157 995 196 1058 83
294 991 325 1054 in
340 993 563 1073 pinacothecam
583 989 706 1072 perveni
726 990 807 1053 vario
830 1005 939 1069 genere
957 987 1126 1051 tabularum
1148 989 1269 1053 mirabi-

209 1080 276 1142 lem.
312 1097 383 1140 nam
406 1086 436 1140 et
450 1078 600 1140 Zeuxidos
618 1095 727 1139 manus
747 1076 806 1138 vidi
828 1076 963 1137 nondum
983 1076 1138 1156 vetustatis
1161 1077 1269 1138 iniuria

208 1164 309 1238 victas,
325 1173 355 1225 et
369 1164 545 1244 Protogenis
560 1163 729 1225 rudimenta
746 1181 814 1225 curn
829 1162 922 1242 ipsius
933 1169 1059 1224 naturae
1070 1162 1193 1225 veritate
1205 1182 1271 1224 oer-

208 1250 299 1314 tantia
314 1269 376 1312 non
388 1251 451 1312 sine
463 1251 591 1330 quodam
602 1247 726 1311 horrore
736 1248 866 1311 tractavi.
892 1248 952 1309 iam
970 1265 1040 1309 vero
1052 1249 1161 1329 Apellis
1180 1267 1271 1329 quam
1291 1263 1323 1316 10

209 1336 311 1399 Graeci
326 1330 535 1418 μονόκνημον
550 1332 705 1416 appellant,
721 1335 810 1397 etiam
825 1333 952 1397 adorari.
981 1341 1063 1397 tanta
1079 1335 1159 1396 enim
1174 1334 1272 1398 subti-

208 1422 290 1484 litate
306 1421 506 1484 extremitates
526 1421 689 1500 imaginum
711 1420 853 1506 erantad
873 1419 1098 1482 similitudinem
1113 1421 1271 1501 praecisae,

209 1516 242 1570 ut
258 1508 392 1569 crederes
408 1508 497 1570 etiam
510 1508 681 1570 animorum
697 1527 763 1570 csse
777 1506 933 1587 picturam.
959 1505 1035 1567 hine
1050 1507 1145 1586 aquila
1156 1507 1272 1568 ferebat

209 1593 290 1656 caelo
306 1593 439 1656 sublimis
455 1593 586 1666 Idaeum,
606 1593 687 1655 illinc
703 1593 847 1655 candidus
868 1591 956 1672 Hylas
976 1591 1137 1671 repellebat
1158 1593 1271 1673 impro-

207 1680 277 1742 bam
298 1679 399 1741 Naida.
430 1679 590 1742 damnabat
609 1679 713 1760 Apollo
733 1679 834 1741 noxias
856 1696 961 1741 manus
982 1677 1133 1758 lyramque
1153 1680 1269 1740 resolu-
1291 1697 1321 1748 15

208 1773 269 1828 tarn
295 1766 383 1828 modo
406 1774 476 1829 nato
499 1767 572 1828 llore
596 1765 769 1827 honorabat.
798 1765 878 1826 inter
903 1781 978 1845 quos
1005 1763 1094 1824 etiam
1120 1764 1270 1846 pictorum

208 1852 373 1914 amantium
388 1853 487 1913 vultus
503 1860 647 1932 tanquam
662 1853 693 1913 in
715 1851 874 1913 solitudine
890 1850 1064 1912 exclamavi:
1088 1856 1167 1929 ‘ergo
1187 1869 1271 1914 amor

206 1939 295 2003 etiam
311 1939 383 1999 deos
399 1938 499 2017 tangit.
532 1937 663 2018 luppiter
678 1938 709 1998 in
725 1938 804 2000 caclo
820 1955 875 1998 suo
887 1954 948 1998 non
969 1935 1082 1998 invenit
1102 1936 1180 2017 quod
1203 1937 1268 1998 dili-

206 2031 299 2108 geret,
319 2024 372 2085 sed
387 2030 564 2103 peccaturus
590 2023 733 2084 interris
760 2023 872 2084 nemini
899 2031 1000 2084 tamen
1025 2021 1164 2084 iniuriam
1189 2022 1269 2088 iecit.

206 2110 299 2192 Hylan
313 2109 448 2190 Nympha
463 2108 603 2190 praedata
616 2116 812 2189 temperasset
827 2109 922 2171 amori
937 2126 1002 2179 suo,
1017 2107 1043 2169 si
1057 2116 1216 2171 venturum
1233 2112 1269 2174 ad
1290 2130 1322 2180 20

208 2194 401 2258 interdictum
412 2195 567 2257 Herculem
588 2195 771 2257 credidisset.
802 2195 904 2274 Apollo
924 2193 1010 2274 pueri
1030 2193 1166 2256 umbram
1182 2215 1269 2259 revo-

207 2281 282 2348 carit
296 2282 328 2342 in
344 2282 457 2356 llorem,
474 2290 505 2343 et
520 2299 623 2343 omnes
635 2280 750 2345 fabulae
760 2299 879 2361 quoqne
892 2279 956 2342 sine
973 2281 1089 2342 aemulo
1102 2280 1272 2347 habuemnt

206 2368 386 2448 complexus.
418 2376 447 2430 at
462 2387 514 2447 ego
530 2367 562 2428 in
578 2368 751 2429 societatem
765 2367 865 2447 recepi
886 2365 1033 2448 hospitem
1049 2365 1163 2447 Lycurg
1179 2387 1266 2433 ocru-
1334 2401 1338 2418 ·

206 2452 366 2517 deliorem.'
797 2513 798 2518 ,

292 2559 359 2604 ecoe
375 2546 485 2614 autem,
501 2558 556 2619 ego
573 2540 644 2601 dum
661 2555 730 2602 cum
745 2539 841 2601 ventis
856 2538 946 2620 litigo,
962 2537 1082 2601 intravit
1093 2540 1268 2620 pinacothe-

206 2647 271 2690 cam
287 2646 378 2689 senex
394 2643 494 2699 canus,
511 2626 661 2688 exercitati
678 2627 774 2688 vultus
797 2633 825 2686 et
846 2627 897 2706 qui
911 2625 1064 2687 videretur
1079 2627 1179 2689 nescio
1195 2628 1266 2709 quid
1284 2645 1318 2695 25

130 2750 133 2760 ι
207 2731 345 2792 magnum
363 2713 546 2793 promittere,
567 2711 619 2773 sed
635 2712 717 2773 cultu
732 2729 794 2773 non
810 2712 934 2790 proinde
949 2711 1112 2791 speciosus,
1133 2720 1167 2773 ut
1187 2715 1269 2777 facile

207 2806 361 2879 appareret
378 2816 445 2858 eum
462 2816 499 2859 ec
513 2798 568 2859 hac
581 2805 652 2859 nota
668 2797 854 2859 literatorum
871 2817 945 2872 esse,
961 2815 1036 2877 quos
1052 2797 1150 2860 odisse
1165 2799 1270 2864 divites

207 2885 312 2946 solent.
328 2884 353 2944 is
370 2900 438 2964 ergo
455 2884 581 2946 adlatus
597 2883 731 2944 constitit
746 2901 847 2946 meum

733 2997 750 3032 ἦ

292 3058 363 3140 ‘ego'
379 3059 477 3139 iuquit
492 3065 589 3139 ‘poeta
602 3077 669 3120 sum
685 3067 715 3120 et
729 3067 763 3121 nt
773 3076 871 3140 spero,
888 3077 950 3120 non
961 3057 1123 3121 humillimi
1138 3060 1270 3141 spiritus,

207 3146 232 3206 si
248 3145 337 3207 modo
353 3146 468 3207 coronis
481 3145 590 3226 aliquid
606 3144 785 3207 credendum
802 3152 856 3218 est,
879 3164 953 3226 quas
974 3143 1062 3206 etiam
1085 3146 1120 3206 ad
1136 3146 1270 3208 immeri-
1289 3165 1323 3214 30

206 3240 254 3292 tos
267 3231 383 3294 deferre
398 3231 490 3310 gratia
506 3233 588 3292 solet.
620 3237 731 3311 “quare
744 3229 831 3310 ergo''
848 3230 947 3311 inquis
964 3237 1044 3293 “tam
1057 3231 1134 3293 male
1146 3233 1270 3294 vestitus

155 3359 159 3368 .
208 3315 277 3379 es?''
300 3327 422 3398 propter
436 3317 493 3379 hoc
507 3319 614 3398 ipsum.
647 3335 731 3378 amor
746 3316 856 3396 ingenii
879 3317 1031 3378 neminem
1047 3335 1179 3398 unquam
1195 3319 1269 3380 divi-

207 3413 268 3465 tem
285 3403 364 3465 lecit.

346 3487 349 3570 l
372 3489 423 3568 qni
437 3489 538 3569 pelago
555 3488 657 3562 credit,
674 3505 780 3568 magno
793 3507 824 3550 se
840 3491 961 3551 faenore
976 3488 1067 3563 tollit,
1281 3509 1324 3563 Lo

278 3627 290 3677 1
303 3627 349 3676 doe
366 3628 529 3676 tetrastichon
543 3631 600 3693 post
614 3642 638 3693 p.
658 3627 696 3686 14,
711 3627 726 3676 3
739 3631 798 3678 onte
809 3643 833 3694 p.
852 3628 894 3687 21,
912 3625 945 3677 34
961 3626 1022 3678 olim
1033 3627 1116 3679 locum
1132 3629 1218 3680 debuit
1230 3628 1240 3696 ΙΙ
1254 3632 1270 3681 3

207 3695 290 3746 omnia
302 3711 408 3746 cernens
421 3694 488 3752 doe,
502 3695 584 3745 omnia
595 3695 648 3746 late
660 3694 810 3760 Fulgentius
822 3695 831 3761 ΙΙ
844 3697 861 3746 4
872 3702 943 3746 team
956 3695 1115 3762 repensare
1127 3697 1202 3749 timet
1212 3697 1273 3752 titre·

219 3761 229 3829 ll
244 3763 272 3816 ll
287 3779 462 3815 monocreruon
477 3761 486 3830 ll
501 3764 660 3829 l3sortaase
674 3764 714 3814 hie
732 3769 755 3814 et
766 3763 822 3814 illic
835 3761 844 3830 ll
859 3765 890 3816 14
903 3763 975 3816 deum
987 3763 997 3831 ΙΙ
1012 3765 1043 3818 18
1056 3765 1163 3829 eligeret
1176 3774 1202 3817 ct
1213 3766 1223 3835 d
1237 3770 1270 3820 20

206 3833 357 3898 imperasset
369 3834 380 3896 ΙΙ
394 3832 424 3882 22
437 3832 578 3883 hahuerunt
591 3832 646 3883 siue
666 3833 764 3882 aemulo
778 3847 843 3899 pare
860 3831 984 3884 librorum
995 3833 1007 3898 ΙΙ
1019 3833 1050 3882 21
1063 3833 1196 3884 literatum
1208 3836 1219 3902 ΙΙ
1237 3837 1270 3888 30

207 3899 339 3966 imperitos
