2860 4340
200 107 254 178 72·
655 106 816 166 l’ll’l'llliltil

200 287 328 351 poenam
343 265 543 348 confugiunt?
569 275 601 330 at
618 269 700 330 enim
715 269 802 330 amici
817 267 943 330 inerunt
958 269 1063 330 nostri.
1096 287 1133 328 eo
1154 269 1266 334 maiora
1286 273 1310 324 1,

199 364 378 417 meruerunt
392 355 554 435 supplicia;
574 374 644 416 nam
666 355 717 434 qui
732 354 851 434 ignotos
874 354 974 427 laedit,
994 355 1070 414 latro
1092 354 1266 433 appellabar,

200 442 251 521 qui
267 441 388 513 mices,
414 439 623 520 paulominus
644 455 735 520 quam
758 439 921 519 panicida.’
964 440 1085 500 resolvit
1104 439 1268 520 Eumolpos
1423 465 1424 470 ¹

200 535 261 588 tam
286 526 420 605 iniquam
446 525 691 587 declamationem
712 533 745 586 et
761 524 918 603 ‘intellego’
947 524 1047 604 inquit
1073 523 1156 586 ‘nillil
1176 527 1269 604 magis

201 612 308 673 obesse
322 610 479 672 iuvenibus
495 610 620 683 miseris,
641 629 732 690 quam
754 611 834 690 quod
856 617 942 670 nocte
956 611 1163 689 deposuerunt
1176 612 1269 691 capil-
1287 630 1303 679 5

200 698 264 758 los:
289 697 348 757 boc
365 705 540 776 argumento
560 696 699 757 incidisse
719 696 905 757 videnturin
920 713 1037 768 navem,
1062 713 1125 756 uon
1139 696 1266 758 venisse.

202 781 282 862 quod
296 781 385 842 uelim
399 789 461 842 tam
477 781 600 843 candide
614 782 651 842 ad
667 799 754 842 aures
768 789 881 842 vestras
896 781 1058 860 perveniat,
1081 799 1170 861 quam
1193 782 1267 842 dm-

200 867 318 948 pliciter
331 874 448 945 gestum
471 873 526 928 est.
560 867 718 928 voluerunt
732 867 812 927 euim
834 875 995 945 antequam
1018 867 1267 945 conscenderent,

203 966 363 1014 exonerare
385 953 479 1032 capita
500 952 625 1013 molesto
648 959 678 1012 et
692 969 876 1030 supervacuo
896 952 1038 1031 pondere,
1064 952 1118 1013 sed
1144 952 1269 1015 celerior

202 1045 312 1100 ventus
327 1037 442 1099 obstulit
462 1037 626 1098 curationis
647 1037 844 1116 propositum.
887 1053 946 1097 nec
963 1044 1066 1098 umen
1087 1043 1271 1117 putaverunt
1291 1053 1323 1104 ιο

132 1159 136 1172 ·
203 1124 239 1185 ad
255 1139 319 1184 rem
334 1123 494 1202 pertinere,
509 1121 560 1183 ubi
575 1122 753 1202 inciperent,
775 1123 854 1202 qnod
869 1119 1022 1202 placuerat
1034 1131 1070 1183 ut
1083 1123 1178 1198 lieret,
1199 1123 1269 1202 quia

203 1225 260 1270 nco
274 1225 364 1270 omen
378 1207 544 1285 ecclegem
560 1208 763 1286 navigantium
779 1205 942 1269 noverant!
987 1207 1078 1287 ‘quid’
1100 1207 1198 1288 inquit
1218 1207 1270 1268 Li·

203 1294 274 1356 cbas
295 1293 427 1354 ‘attinuit
447 1293 595 1373 supplices
618 1290 748 1355 radere?
769 1293 829 1354 nisi
854 1297 931 1354 forte
952 1291 1182 1354 miserabiliores
1197 1293 1272 1354 calvi

203 1379 301 1441 solent
316 1397 389 1440 esse.
423 1395 605 1458 quamquam
621 1378 692 1457 quid
708 1379 816 1439 attinet
830 1379 985 1438 verimtem
1006 1395 1061 1457 per
1075 1379 1271 1457 interpretem

205 1460 373 1544 quaerere?
388 1463 459 1543 quid
475 1463 550 1524 dicis
564 1471 608 1536 tu,
623 1461 723 1525 latro?
745 1483 822 1544 quae
843 1463 1029 1526 salamandra
1051 1464 1207 1542 supercilia
1220 1471 1274 1526 tua
1294 1477 1328 1528 15

204 1544 341 1612 exussit?
363 1548 411 1610 cui
426 1549 483 1609 deo
498 1549 612 1611 crinem
627 1546 756 1611 vovisti?
778 1549 946 1628 pharmaco,
960 1549 1128 1630 responde!

137 1623 197 1688 1⁰8
268 1634 480 1714 obstupueram
495 1651 549 1713 ego
565 1633 704 1714 supplicii
715 1642 797 1695 metu
812 1634 944 1714 pavidus,
959 1651 1018 1696 nec
1029 1632 1100 1713 quid
1116 1634 1147 1694 in
1160 1651 1195 1694 re
1207 1651 1272 1694 rna·

205 1719 399 1784 dilectissima
414 1719 554 1792 dicerem,
570 1719 759 1781 inveniebam
780 1720 917 1780 turbatus
939 1727 970 1780 et
991 1719 1135 1782 deformis
1155 1725 1274 1798 praeter

206 1805 322 1886 spoliati
337 1805 441 1886 capitis
457 1803 585 1866 dedecus
601 1805 827 1885 superciliorum
843 1805 931 1866 etiarn
947 1804 1060 1884 aequali
1082 1823 1150 1866 cum
1173 1804 1274 1864 ironte

206 1891 330 1964 calvitie,
346 1899 381 1951 nt
395 1890 469 1952 nihil
483 1907 540 1951 nec
555 1889 652 1952 iacere
667 1891 787 1952 deceret
801 1907 858 1951 nec
874 1891 980 1952 dicere.
1025 1899 1140 1951 atvero
1152 1887 1274 1968 spongia
1294 1895 1331 1948 ιο

207 1978 265 2039 uda
280 1976 370 2038 iacies
383 1974 528 2055 plorantis
544 1977 660 2037 detersa
677 1982 724 2038 est
731 1983 761 2036 et
768 1976 962 2055 liquefactum
977 1993 1031 2055 per
1044 1981 1142 2036 totum
1151 1977 1276 2035 osatrah

207 2069 344 2125 mentum
359 2060 461 2124 omnia
480 2061 591 2123 scilicet
611 2062 791 2122 lineamenta
813 2061 954 2140 fuliginea
975 2061 1056 2122 nube
1075 2059 1221 2133 contudit,
1242 2059 1275 2120 in

208 2149 352 2211 odbamse
368 2147 411 2209 ira
426 2147 582 2208 movent.
626 2154 714 2225 negat
728 2145 893 2226 Eumolpus
907 2158 1068 2227 passurum
1083 2163 1126 2218 se,
1142 2153 1176 2207 ut
1191 2144 1274 2224 quis-

208 2250 296 2316 quam
310 2233 457 2313 ingenuos
472 2239 576 2294 contra
595 2233 640 2293 las
654 2233 811 2311 legemque
832 2232 1026 2305 contaminet,
1047 2231 1277 2312 interpellatque

209 2318 405 2382 saevientium
420 2318 516 2380 minas
532 2336 595 2379 non
610 2317 706 2379 solum
721 2333 795 2378 voce
808 2318 859 2378 sed
875 2316 964 2379 etiam
979 2315 1127 2378 manibus.
1172 2315 1278 2378 aderat
1295 2317 1330 2370 25

208 2404 409 2486 interpellanti
423 2403 648 2465 mercennarius
663 2418 763 2464 comes
774 2409 804 2464 et
814 2418 894 2464 unus
906 2403 1042 2482 alterque
1050 2399 1275 2463 infirmissimus

210 2499 322 2564 vector,
342 2490 447 2551 solacia
465 2489 557 2568 magis
572 2489 631 2551 litis
646 2505 736 2569 quam
759 2489 865 2549 virium
888 2489 1004 2550 auxilia.
1038 2507 1095 2549 nec
1115 2487 1274 2566 quicquam

210 2593 266 2658 pro
280 2585 330 2638 ine
344 2575 532 2656 deprecabar,
556 2576 607 2636 sed
624 2576 777 2636 inteutans
791 2574 824 2633 io
845 2573 946 2634 oculos
961 2573 1153 2653 Tryphaenae
1169 2585 1276 2632 manus

210 2679 336 2725 usurum
352 2661 527 2722 moriribus
543 2661 617 2721 meis
633 2662 709 2720 clara
729 2660 880 2738 liberaque
895 2675 967 2720 voce
982 2659 1113 2731 clamavi,
1135 2657 1168 2719 ni
1180 2656 1276 2718 absti-

210 2754 324 2810 nerete
338 2747 449 2809 Gitone
464 2745 603 2808 iniuriam
620 2745 727 2805 mulier
741 2745 880 2806 damnata
903 2751 933 2804 et
948 2744 979 2805 in
996 2751 1060 2804 toto
1082 2742 1199 2822 navigio
1214 2741 1277 2804 sola
1296 2751 1330 2802 ευ
1422 2807 1423 2830 ¹

211 2833 405 2896 verberandis.
449 2831 620 2892 accenditur
635 2829 755 2907 audacia
771 2847 836 2890 mea
846 2829 949 2890 iratior
961 2828 1073 2902 Lichas,
1088 2828 1277 2908 indignatum-

212 2935 270 3000 que
285 2919 366 2998 quod
382 2933 436 2995 ego
450 2917 552 2978 relicta
567 2930 634 2977 mea
648 2931 739 2978 cause·
748 2920 867 2975 tantum
880 2929 934 2993 pro
946 2914 1002 2976 alio
1013 2914 1119 2975 clamo.
1151 2931 1208 2974 aec
1219 2913 1279 2974 mi-

213 3020 270 3067 nus
285 3003 459 3084 Trqpbaeua
475 3001 654 3062 contumelia
670 3001 764 3062 saevit
778 3016 901 3061 accense
923 3000 1075 3080 totiusque
1089 2999 1196 3078 navigii
1210 3007 1277 3060 tnr-

212 3090 280 3152 barn
297 3088 409 3151 diducit
422 3088 455 3148 in
470 3093 579 3170 partes.
613 3088 686 3148 binc·
703 3085 926 3148 mercennarius
948 3085 1071 3162 [tonsor]
1095 3085 1277 3146 ferramenta

213 3193 265 3237 sua
287 3174 374 3237 nobis
396 3182 426 3234 et
447 3173 511 3253 ipse
525 3181 657 3235 armatus
678 3170 836 3243 distribuit,
858 3170 940 3232 illinc
958 3170 1151 3250 'lrypbaenae
1170 3169 1282 3232 familia
1299 3177 1331 3228 35
1422 3223 1423 3228 ,

214 3262 309 3324 nudas
325 3257 442 3341 expedit
457 3275 572 3320 manus.
618 3277 652 3320 ac
666 3275 705 3318 ne
721 3255 893 3317 ancillarum
909 3255 1029 3336 quidem
1053 3257 1164 3317 clamor
1184 3255 1278 3316 aciem

146 3396 153 3414 ,.
214 3347 360 3416 destituit,
374 3359 437 3406 uno
452 3351 567 3407 tantum
580 3343 781 3423 gubernatore
788 3340 963 3422 relicturum
976 3360 1008 3402 se
1019 3340 1103 3402 nauis
1115 3340 1279 3402 ministeri-

214 3445 266 3494 um
281 3431 489 3502 denuntiante,
512 3430 538 3491 si
554 3444 616 3490 non
632 3428 748 3489 desinat
762 3427 860 3488 rabies
882 3426 1004 3487 libidine
1019 3427 1203 3506 perditorum
1217 3426 1279 3486 ool-

214 3520 299 3580 lecta.
343 3516 437 3578 nihile
453 3516 551 3577 minus
575 3522 679 3576 tamen*
697 3519 871 3593 persumet
888 3511 1200 3585 diniicentiamfaror,
1223 3510 1281 3572 illis

99 3625 106 3642 ·
215 3621 269 3684 pro
283 3602 407 3674 ultione,
429 3601 514 3663 nobis
535 3617 590 3681 pro
605 3601 663 3661 vita
685 3596 898 3678 pugnantibus.
943 3597 1031 3658 rnclti
1050 3610 1120 3677 ergo
1140 3596 1283 3676 utrinque
1300 3609 1333 3662 lo

217 3755 429 3767 ...α-..ἰω-

287 3809 319 3860 ld
331 3823 394 3876 quae
406 3808 462 3860 sola
474 3805 634 3857 salamandra
645 3801 656 3871 ΙΙ
671 3805 702 3854 16
718 3797 856 3866 excussltii
872 3799 905 3852 le
919 3799 1032 3866 aequalis
1048 3801 1072 3848 et
1088 3801 1220 3853 calvities.
1235 3816 1282 3868 po-

218 3881 268 3931 isat
277 3881 335 3946 post
346 3877 462 3929 turbatus
475 3877 540 3926 inter
552 3869 605 3924 eilia
617 3873 719 3924 cvcrbum
727 3872 835 3939 periisse
846 3868 896 3919 tela
913 3867 1050 3918 accedebat
1062 3865 1182 3920 deformis
