<?xml version="1.0" encoding="UTF-8"?>
<!DOCTYPE html PUBLIC "-//W3C//DTD XHTML 1.0 Transitional//EN"
    "http://www.w3.org/TR/xhtml1/DTD/xhtml1-transitional.dtd">
<html xmlns="http://www.w3.org/1999/xhtml" xml:lang="en" lang="en">
 <head>
  <title>
</title>
<meta http-equiv="Content-Type" content="text/html;charset=utf-8" />
  <meta name='ocr-system' content='tesseract 3.04.00' />
  <meta name='ocr-capabilities' content='ocr_page ocr_carea ocr_par ocr_line ocrx_word'/>
</head>
<body>
  <div class='ocr_page' id='page_1' title='image "./satiraeetliberp00buecgoog_0165.png"; bbox 0 0 2860 4340; ppageno 0'>
   <div class='ocr_carea' id='block_1_1' title="bbox 663 115 814 169">
    <p class='ocr_par' dir='ltr' id='par_1_1' title="bbox 663 115 814 169">
     <span class='ocr_line' id='line_1_1' title="bbox 663 115 814 169; baseline 0 -1"><span class='ocrx_word' id='word_1_1' title='bbox 663 115 814 169; x_wconf 73' lang='lat' dir='ltr'>nnuman</span> 
     </span>
    </p>
   </div>
   <div class='ocr_carea' id='block_1_2' title="bbox 676 251 843 330">
    <p class='ocr_par' dir='ltr' id='par_1_2' title="bbox 676 251 843 330">
     <span class='ocr_line' id='line_1_2' title="bbox 676 251 843 330; baseline 0 0"><span class='ocrx_word' id='word_1_2' title='bbox 676 267 793 330; x_wconf 81' lang='lat' dir='ltr'>uxxru</span> <span class='ocrx_word' id='word_1_3' title='bbox 838 251 843 262; x_wconf 79' lang='grc'><strong>’</strong></span> 
     </span>
    </p>
   </div>
   <div class='ocr_carea' id='block_1_3' title="bbox 302 355 1034 550">
    <p class='ocr_par' dir='ltr' id='par_1_3' title="bbox 302 355 1034 550">
     <span class='ocr_line' id='line_1_3' title="bbox 302 355 1034 453; baseline 0.005 -21"><span class='ocrx_word' id='word_1_4' title='bbox 302 372 379 432; x_wconf 85' lang='lat' dir='ltr'>Dum</span> <span class='ocrx_word' id='word_1_5' title='bbox 395 355 477 443; x_wconf 67' lang='lat' dir='ltr'>liris,</span> <span class='ocrx_word' id='word_1_6' title='bbox 493 390 611 453; x_wconf 90' lang='lat' dir='ltr'>sperare</span> <span class='ocrx_word' id='word_1_7' title='bbox 627 373 724 434; x_wconf 83' lang='lat' dir='ltr'>deuel:</span> <span class='ocrx_word' id='word_1_8' title='bbox 740 380 784 444; x_wconf 89' lang='lat' dir='ltr'>tu,</span> <span class='ocrx_word' id='word_1_9' title='bbox 799 374 909 435; x_wconf 78' lang='lat' dir='ltr'>rustiee</span> <span class='ocrx_word' id='word_1_10' title='bbox 924 381 1034 446; x_wconf 86' lang='lat' dir='ltr'>custos,</span> 
     </span>
     <span class='ocr_line' id='line_1_4' title="bbox 346 457 976 550; baseline 0.006 -34"><span class='ocrx_word' id='word_1_11' title='bbox 346 457 404 517; x_wconf 87' lang='lat' dir='ltr'>hue</span> <span class='ocrx_word' id='word_1_12' title='bbox 418 457 488 550; x_wconf 83' lang='lat' dir='ltr'>ades</span> <span class='ocrx_word' id='word_1_13' title='bbox 505 465 533 518; x_wconf 86' lang='lat' dir='ltr'>et</span> <span class='ocrx_word' id='word_1_14' title='bbox 547 457 656 532; x_wconf 75' lang='lat' dir='ltr'>nervia,</span> <span class='ocrx_word' id='word_1_15' title='bbox 672 465 755 520; x_wconf 80' lang='lat' dir='ltr'>tante</span> <span class='ocrx_word' id='word_1_16' title='bbox 771 457 886 540; x_wconf 87' lang='lat' dir='ltr'>Priape,</span> <span class='ocrx_word' id='word_1_17' title='bbox 902 461 976 522; x_wconf 84' lang='lat' dir='ltr'>lare.</span> 
     </span>
    </p>
   </div>
   <div class='ocr_carea' id='block_1_4' title="bbox 630 721 843 734">
    <p class='ocr_par' dir='ltr' id='par_1_4' title="bbox 630 721 843 734">
     <span class='ocr_line' id='line_1_5' title="bbox 630 721 843 734; baseline 0 -2"><span class='ocrx_word' id='word_1_18' title='bbox 630 721 843 734; x_wconf 73' lang='grc' dir='ltr'>-ι--ι-ι-ι--ι</span> 
     </span>
    </p>
   </div>
   <div class='ocr_carea' id='block_1_5' title="bbox 668 945 799 1008">
    <p class='ocr_par' dir='ltr' id='par_1_5' title="bbox 668 945 799 1008">
     <span class='ocr_line' id='line_1_6' title="bbox 668 945 799 1008; baseline 0.008 -2"><span class='ocrx_word' id='word_1_19' title='bbox 668 945 799 1008; x_wconf 86' lang='lat' dir='ltr'>LXXXII</span> 
     </span>
    </p>
   </div>
   <div class='ocr_carea' id='block_1_6' title="bbox 255 1067 1140 1645">
    <p class='ocr_par' dir='ltr' id='par_1_6' title="bbox 255 1067 1140 1645">
     <span class='ocr_line' id='line_1_7' title="bbox 658 1067 812 1110; baseline 0.006 -2"><span class='ocrx_word' id='word_1_20' title='bbox 658 1067 812 1110; x_wconf 80' lang='lat' dir='ltr'>rruvunr</span> 
     </span>
     <span class='ocr_line' id='line_1_8' title="bbox 302 1134 1003 1215; baseline 0 -17"><span class='ocrx_word' id='word_1_21' title='bbox 302 1135 410 1198; x_wconf 79' lang='lat' dir='ltr'><strong>Vilicus</strong></span> <span class='ocrx_word' id='word_1_22' title='bbox 427 1135 522 1196; x_wconf 89' lang='lat' dir='ltr'>aerari</span> <span class='ocrx_word' id='word_1_23' title='bbox 537 1134 698 1215; x_wconf 89' lang='lat' dir='ltr'>quondam,</span> <span class='ocrx_word' id='word_1_24' title='bbox 713 1144 799 1199; x_wconf 85' lang='lat' dir='ltr'>nune&#39;</span> <span class='ocrx_word' id='word_1_25' title='bbox 809 1135 904 1196; x_wconf 86' lang='lat' dir='ltr'>cultor</span> <span class='ocrx_word' id='word_1_26' title='bbox 919 1138 1003 1215; x_wconf 83' lang='lat' dir='ltr'>agelli</span> 
     </span>
     <span class='ocr_line' id='line_1_9' title="bbox 345 1220 1033 1302; baseline 0.004 -21"><span class='ocrx_word' id='word_1_27' title='bbox 345 1221 417 1282; x_wconf 85' lang='lat' dir='ltr'>haec</span> <span class='ocrx_word' id='word_1_28' title='bbox 432 1220 485 1281; x_wconf 90' lang='lat' dir='ltr'>tibi</span> <span class='ocrx_word' id='word_1_29' title='bbox 500 1220 677 1300; x_wconf 81' lang='lat' dir='ltr'><strong>Perspectus</strong></span> <span class='ocrx_word' id='word_1_30' title='bbox 693 1221 811 1300; x_wconf 86' lang='lat' dir='ltr'>templa,</span> <span class='ocrx_word' id='word_1_31' title='bbox 827 1221 942 1302; x_wconf 90' lang='lat' dir='ltr'>Priape,</span> <span class='ocrx_word' id='word_1_32' title='bbox 959 1223 1033 1284; x_wconf 88' lang='lat' dir='ltr'>dice.</span> 
     </span>
     <span class='ocr_line' id='line_1_10' title="bbox 303 1304 1057 1387; baseline 0.003 -21"><span class='ocrx_word' id='word_1_33' title='bbox 303 1325 357 1384; x_wconf 90' lang='lat' dir='ltr'>pro</span> <span class='ocrx_word' id='word_1_34' title='bbox 374 1304 482 1385; x_wconf 87' lang='lat' dir='ltr'>quibus</span> <span class='ocrx_word' id='word_1_35' title='bbox 498 1305 612 1377; x_wconf 81' lang='lat' dir='ltr'>officiis,</span> <span class='ocrx_word' id='word_1_36' title='bbox 624 1305 649 1366; x_wconf 88' lang='lat' dir='ltr'>si</span> <span class='ocrx_word' id='word_1_37' title='bbox 664 1306 707 1366; x_wconf 88' lang='lat' dir='ltr'>las</span> <span class='ocrx_word' id='word_1_38' title='bbox 721 1315 898 1378; x_wconf 70' lang='lat' dir='ltr'>estserae,</span> <span class='ocrx_word' id='word_1_39' title='bbox 914 1308 1057 1387; x_wconf 82' lang='lat' dir='ltr'>paciscor,</span> 
     </span>
     <span class='ocr_line' id='line_1_11' title="bbox 345 1389 911 1464; baseline 0.002 -13"><span class='ocrx_word' id='word_1_40' title='bbox 345 1390 480 1451; x_wconf 85' lang='lat' dir='ltr'>assiduus</span> <span class='ocrx_word' id='word_1_41' title='bbox 497 1398 597 1452; x_wconf 86' lang='lat' dir='ltr'>eustos</span> <span class='ocrx_word' id='word_1_42' title='bbox 607 1389 686 1452; x_wconf 92' lang='lat' dir='ltr'>ruris</span> <span class='ocrx_word' id='word_1_43' title='bbox 701 1397 735 1452; x_wconf 90' lang='lat' dir='ltr'>ut</span> <span class='ocrx_word' id='word_1_44' title='bbox 750 1409 817 1452; x_wconf 82' lang='lat' dir='ltr'>esse</span> <span class='ocrx_word' id='word_1_45' title='bbox 832 1391 911 1464; x_wconf 89' lang='lat' dir='ltr'>velis,</span> 
     </span>
     <span class='ocr_line' id='line_1_12' title="bbox 255 1473 1055 1556; baseline -0.003 -16"><span class='ocrx_word' id='word_1_46' title='bbox 255 1491 270 1541; x_wconf 87' lang='lat'>5</span> <span class='ocrx_word' id='word_1_47' title='bbox 305 1475 459 1555; x_wconf 84' lang='lat' dir='ltr'>improbus</span> <span class='ocrx_word' id='word_1_48' title='bbox 475 1483 509 1536; x_wconf 94' lang='lat' dir='ltr'>ut</span> <span class='ocrx_word' id='word_1_49' title='bbox 523 1473 547 1536; x_wconf 88' lang='lat' dir='ltr'>si</span> <span class='ocrx_word' id='word_1_50' title='bbox 563 1476 629 1556; x_wconf 90' lang='lat' dir='ltr'>quis</span> <span class='ocrx_word' id='word_1_51' title='bbox 644 1483 782 1537; x_wconf 88' lang='lat' dir='ltr'>nostrum</span> <span class='ocrx_word' id='word_1_52' title='bbox 795 1477 909 1538; x_wconf 86' lang='lat' dir='ltr'>violarit</span> <span class='ocrx_word' id='word_1_53' title='bbox 920 1478 1055 1556; x_wconf 84' lang='lat' dir='ltr'>agellum,</span> 
     </span>
     <span class='ocr_line' id='line_1_13' title="bbox 343 1561 1140 1645; baseline 0.004 -24"><span class='ocrx_word' id='word_1_54' title='bbox 343 1562 427 1622; x_wconf 88' lang='lat' dir='ltr'>hunc</span> <span class='ocrx_word' id='word_1_55' title='bbox 442 1567 475 1622; x_wconf 93' lang='lat' dir='ltr'>tu</span> <span class='ocrx_word' id='word_1_56' title='bbox 486 1596 529 1608; x_wconf 81' lang='lat'>-—</span> <span class='ocrx_word' id='word_1_57' title='bbox 540 1562 593 1622; x_wconf 88' lang='lat' dir='ltr'>sed</span> <span class='ocrx_word' id='word_1_58' title='bbox 607 1568 705 1623; x_wconf 85' lang='lat' dir='ltr'>taceo:</span> <span class='ocrx_word' id='word_1_59' title='bbox 722 1561 788 1636; x_wconf 77' lang='lat' dir='ltr'>scie,</span> <span class='ocrx_word' id='word_1_60' title='bbox 805 1569 887 1641; x_wconf 88' lang='lat' dir='ltr'>puto,</span> <span class='ocrx_word' id='word_1_61' title='bbox 904 1563 983 1642; x_wconf 87' lang='lat' dir='ltr'>quud</span> <span class='ocrx_word' id='word_1_62' title='bbox 999 1563 1140 1645; x_wconf 86' lang='lat' dir='ltr'>sequitur.</span> 
     </span>
    </p>
   </div>
   <div class='ocr_carea' id='block_1_7' title="bbox 661 1787 806 1851">
    <p class='ocr_par' dir='ltr' id='par_1_7' title="bbox 661 1787 806 1851">
     <span class='ocr_line' id='line_1_14' title="bbox 661 1787 806 1851; baseline 0.014 -2"><span class='ocrx_word' id='word_1_63' title='bbox 661 1787 806 1851; x_wconf 91' lang='lat' dir='ltr'>LXXXlll</span> 
     </span>
    </p>
   </div>
   <div class='ocr_carea' id='block_1_8' title="bbox 234 1911 1036 3677">
    <p class='ocr_par' dir='ltr' id='par_1_8' title="bbox 234 1911 1036 3677">
     <span class='ocr_line' id='line_1_15' title="bbox 657 1911 813 1952; baseline 0.006 -1"><span class='ocrx_word' id='word_1_64' title='bbox 657 1911 813 1952; x_wconf 79' lang='lat' dir='ltr'>rruvuur</span> 
     </span>
     <span class='ocr_line' id='line_1_16' title="bbox 304 1973 1036 2056; baseline 0.001 -19"><span class='ocrx_word' id='word_1_65' title='bbox 304 1977 380 2051; x_wconf 83' lang='lat' dir='ltr'>Quid</span> <span class='ocrx_word' id='word_1_66' title='bbox 395 1977 453 2039; x_wconf 86' lang='lat' dir='ltr'>hoe</span> <span class='ocrx_word' id='word_1_67' title='bbox 468 1976 537 2036; x_wconf 90' lang='lat' dir='ltr'>novi</span> <span class='ocrx_word' id='word_1_68' title='bbox 553 1973 621 2036; x_wconf 78' lang='lat' dir='ltr'>esti</span> <span class='ocrx_word' id='word_1_69' title='bbox 644 1976 715 2056; x_wconf 88' lang='lat' dir='ltr'>quid</span> <span class='ocrx_word' id='word_1_70' title='bbox 730 1977 774 2038; x_wconf 90' lang='lat' dir='ltr'>ira</span> <span class='ocrx_word' id='word_1_71' title='bbox 789 1979 907 2040; x_wconf 87' lang='lat' dir='ltr'>nuntiat</span> <span class='ocrx_word' id='word_1_72' title='bbox 922 1975 1036 2040; x_wconf 76' lang='lat' dir='ltr'>deum?</span> 
     </span>
     <span class='ocr_line' id='line_1_17' title="bbox 304 2061 853 2141; baseline 0.002 -18"><span class='ocrx_word' id='word_1_73' title='bbox 304 2064 410 2124; x_wconf 90' lang='lat' dir='ltr'>silente</span> <span class='ocrx_word' id='word_1_74' title='bbox 424 2069 513 2122; x_wconf 84' lang='lat' dir='ltr'>nocte</span> <span class='ocrx_word' id='word_1_75' title='bbox 530 2062 672 2122; x_wconf 83' lang='lat' dir='ltr'>candidus</span> <span class='ocrx_word' id='word_1_76' title='bbox 690 2061 764 2123; x_wconf 91' lang='lat' dir='ltr'>mihi</span> <span class='ocrx_word' id='word_1_77' title='bbox 779 2081 853 2141; x_wconf 88' lang='lat' dir='ltr'>puer</span> 
     </span>
     <span class='ocr_line' id='line_1_18' title="bbox 302 2145 858 2227; baseline 0 -19"><span class='ocrx_word' id='word_1_78' title='bbox 302 2155 424 2227; x_wconf 86' lang='lat' dir='ltr'>tepente</span> <span class='ocrx_word' id='word_1_79' title='bbox 439 2165 507 2207; x_wconf 78' lang='lat' dir='ltr'>cunr</span> <span class='ocrx_word' id='word_1_80' title='bbox 522 2146 633 2207; x_wconf 87' lang='lat' dir='ltr'>iaceret</span> <span class='ocrx_word' id='word_1_81' title='bbox 647 2145 764 2208; x_wconf 89' lang='lat' dir='ltr'>abditus</span> <span class='ocrx_word' id='word_1_82' title='bbox 779 2147 858 2221; x_wconf 84' lang='lat' dir='ltr'>sinu,</span> 
     </span>
     <span class='ocr_line' id='line_1_19' title="bbox 303 2231 807 2311; baseline -0.002 -18"><span class='ocrx_word' id='word_1_83' title='bbox 303 2249 398 2294; x_wconf 88' lang='lat' dir='ltr'>venus</span> <span class='ocrx_word' id='word_1_84' title='bbox 414 2231 470 2292; x_wconf 89' lang='lat' dir='ltr'>luit</span> <span class='ocrx_word' id='word_1_85' title='bbox 486 2231 595 2311; x_wconf 85' lang='lat' dir='ltr'>quieta,</span> <span class='ocrx_word' id='word_1_86' title='bbox 612 2250 668 2292; x_wconf 86' lang='lat' dir='ltr'>nec</span> <span class='ocrx_word' id='word_1_87' title='bbox 683 2231 807 2293; x_wconf 86' lang='lat' dir='ltr'>viriliter</span> 
     </span>
     <span class='ocr_line' id='line_1_20' title="bbox 253 2315 823 2398; baseline -0.005 -17"><span class='ocrx_word' id='word_1_88' title='bbox 253 2333 269 2382; x_wconf 87' lang='lat'><strong>5</strong></span> <span class='ocrx_word' id='word_1_89' title='bbox 303 2318 383 2378; x_wconf 91' lang='lat' dir='ltr'>iners</span> <span class='ocrx_word' id='word_1_90' title='bbox 399 2317 489 2378; x_wconf 88' lang='lat' dir='ltr'>senile</span> <span class='ocrx_word' id='word_1_91' title='bbox 505 2317 590 2396; x_wconf 85' lang='lat' dir='ltr'>penis</span> <span class='ocrx_word' id='word_1_92' title='bbox 606 2315 711 2378; x_wconf 82' lang='lat' dir='ltr'>extulit</span> <span class='ocrx_word' id='word_1_93' title='bbox 727 2326 823 2398; x_wconf 84' lang='lat' dir='ltr'>caput.</span> 
     </span>
     <span class='ocr_line' id='line_1_21' title="bbox 301 2401 898 2483; baseline -0.002 -19"><span class='ocrx_word' id='word_1_94' title='bbox 301 2404 404 2483; x_wconf 88' lang='lat' dir='ltr'>placet,</span> <span class='ocrx_word' id='word_1_95' title='bbox 421 2403 535 2482; x_wconf 85' lang='lat' dir='ltr'>Priape,</span> <span class='ocrx_word' id='word_1_96' title='bbox 551 2401 601 2482; x_wconf 93' lang='lat' dir='ltr'>qui</span> <span class='ocrx_word' id='word_1_97' title='bbox 614 2402 668 2463; x_wconf 89' lang='lat' dir='ltr'>sub</span> <span class='ocrx_word' id='word_1_98' title='bbox 684 2402 799 2464; x_wconf 86' lang='lat' dir='ltr'>arboris</span> <span class='ocrx_word' id='word_1_99' title='bbox 815 2422 898 2464; x_wconf 80' lang='lat' dir='ltr'>coma</span> 
     </span>
     <span class='ocr_line' id='line_1_22' title="bbox 302 2487 935 2568; baseline -0.003 -18"><span class='ocrx_word' id='word_1_100' title='bbox 302 2489 388 2560; x_wconf 82' lang='lat' dir='ltr'>soles,</span> <span class='ocrx_word' id='word_1_101' title='bbox 404 2507 520 2549; x_wconf 82' lang='lat' dir='ltr'>sacrum</span> <span class='ocrx_word' id='word_1_102' title='bbox 534 2487 667 2550; x_wconf 85' lang='lat' dir='ltr'>revincta</span> <span class='ocrx_word' id='word_1_103' title='bbox 682 2489 823 2568; x_wconf 87' lang='lat' dir='ltr'>pampino</span> <span class='ocrx_word' id='word_1_104' title='bbox 839 2495 935 2568; x_wconf 88' lang='lat' dir='ltr'>caput,</span> 
     </span>
     <span class='ocr_line' id='line_1_23' title="bbox 301 2570 881 2636; baseline -0.002 -1"><span class='ocrx_word' id='word_1_105' title='bbox 301 2574 392 2636; x_wconf 88' lang='lat' dir='ltr'>ruber</span> <span class='ocrx_word' id='word_1_106' title='bbox 406 2574 509 2635; x_wconf 86' lang='lat' dir='ltr'>sedere</span> <span class='ocrx_word' id='word_1_107' title='bbox 525 2592 591 2635; x_wconf 88' lang='lat' dir='ltr'>eum</span> <span class='ocrx_word' id='word_1_108' title='bbox 608 2573 735 2634; x_wconf 81' lang='lat' dir='ltr'>rubente</span> <span class='ocrx_word' id='word_1_109' title='bbox 747 2570 881 2634; x_wconf 81' lang='lat' dir='ltr'>lasciue?</span> 
     </span>
     <span class='ocr_line' id='line_1_24' title="bbox 304 2658 891 2738; baseline 0 -18"><span class='ocrx_word' id='word_1_110' title='bbox 304 2667 343 2730; x_wconf 89' lang='lat' dir='ltr'>at,</span> <span class='ocrx_word' id='word_1_111' title='bbox 359 2679 376 2720; x_wconf 90' lang='grc' dir='ltr'>ο</span> <span class='ocrx_word' id='word_1_112' title='bbox 392 2659 548 2738; x_wconf 83' lang='lat' dir='ltr'>Triphalle,</span> <span class='ocrx_word' id='word_1_113' title='bbox 565 2677 653 2738; x_wconf 88' lang='lat' dir='ltr'>saepe</span> <span class='ocrx_word' id='word_1_114' title='bbox 668 2658 791 2720; x_wconf 86' lang='lat' dir='ltr'>floribus</span> <span class='ocrx_word' id='word_1_115' title='bbox 807 2660 891 2720; x_wconf 89' lang='lat' dir='ltr'>novis</span> 
     </span>
     <span class='ocr_line' id='line_1_25' title="bbox 238 2743 862 2821; baseline -0.01 -10"><span class='ocrx_word' id='word_1_116' title='bbox 238 2760 269 2811; x_wconf 93' lang='lat'>10</span> <span class='ocrx_word' id='word_1_117' title='bbox 303 2744 453 2808; x_wconf 75' lang='lat' dir='ltr'>tuasaine</span> <span class='ocrx_word' id='word_1_118' title='bbox 468 2751 530 2805; x_wconf 91' lang='lat' dir='ltr'>arte</span> <span class='ocrx_word' id='word_1_119' title='bbox 546 2743 736 2821; x_wconf 83' lang='lat' dir='ltr'>deligavimus</span> <span class='ocrx_word' id='word_1_120' title='bbox 753 2761 862 2818; x_wconf 89' lang='lat' dir='ltr'>eomas,</span> 
     </span>
     <span class='ocr_line' id='line_1_26' title="bbox 303 2828 872 2909; baseline -0.002 -18"><span class='ocrx_word' id='word_1_121' title='bbox 303 2829 517 2909; x_wconf 83' lang='lat' dir='ltr'>abegimusque</span> <span class='ocrx_word' id='word_1_122' title='bbox 532 2847 603 2890; x_wconf 83' lang='lat' dir='ltr'>voce</span> <span class='ocrx_word' id='word_1_123' title='bbox 617 2847 716 2907; x_wconf 89' lang='lat' dir='ltr'>saepe,</span> <span class='ocrx_word' id='word_1_124' title='bbox 732 2847 801 2890; x_wconf 89' lang='lat' dir='ltr'>eum</span> <span class='ocrx_word' id='word_1_125' title='bbox 815 2828 872 2890; x_wconf 87' lang='lat' dir='ltr'>tibi</span> 
     </span>
     <span class='ocr_line' id='line_1_27' title="bbox 288 2913 894 2994; baseline 0 -18"><span class='ocrx_word' id='word_1_126' title='bbox 288 2913 436 2988; x_wconf 73' lang='lat' dir='ltr'>‚senexve</span> <span class='ocrx_word' id='word_1_127' title='bbox 445 2932 552 2975; x_wconf 88' lang='lat' dir='ltr'>curvus</span> <span class='ocrx_word' id='word_1_128' title='bbox 566 2913 727 2994; x_wconf 82' lang='lat' dir='ltr'>impigerve</span> <span class='ocrx_word' id='word_1_129' title='bbox 742 2913 894 2992; x_wconf 80' lang='lat' dir='ltr'>graeculus</span> 
     </span>
     <span class='ocr_line' id='line_1_28' title="bbox 302 2997 847 3080; baseline -0.007 -17"><span class='ocrx_word' id='word_1_130' title='bbox 302 3019 419 3063; x_wconf 87' lang='lat' dir='ltr'>sacrum</span> <span class='ocrx_word' id='word_1_131' title='bbox 435 2997 539 3060; x_wconf 86' lang='lat' dir='ltr'>feriret</span> <span class='ocrx_word' id='word_1_132' title='bbox 555 3017 606 3060; x_wconf 87' lang='lat' dir='ltr'>ore</span> <span class='ocrx_word' id='word_1_133' title='bbox 623 3018 732 3061; x_wconf 86' lang='lat' dir='ltr'>eurueu</span> <span class='ocrx_word' id='word_1_134' title='bbox 748 3007 847 3080; x_wconf 86' lang='lat' dir='ltr'>eaput.</span> 
     </span>
     <span class='ocr_line' id='line_1_29' title="bbox 302 3084 864 3164; baseline 0 -19"><span class='ocrx_word' id='word_1_135' title='bbox 302 3087 365 3147; x_wconf 84' lang='lat' dir='ltr'>vale</span> <span class='ocrx_word' id='word_1_136' title='bbox 381 3085 509 3147; x_wconf 84' lang='lat' dir='ltr'>nefande</span> <span class='ocrx_word' id='word_1_137' title='bbox 524 3085 683 3146; x_wconf 83' lang='lat' dir='ltr'>destitutor</span> <span class='ocrx_word' id='word_1_138' title='bbox 697 3084 864 3164; x_wconf 83' lang='lat' dir='ltr'>inguinum,</span> 
     </span>
     <span class='ocr_line' id='line_1_30' title="bbox 236 3169 778 3250; baseline -0.004 -18"><span class='ocrx_word' id='word_1_139' title='bbox 236 3189 266 3241; x_wconf 86' lang='lat'>15</span> <span class='ocrx_word' id='word_1_140' title='bbox 299 3171 365 3250; x_wconf 18' lang='lat' dir='ltr'>*vale</span> <span class='ocrx_word' id='word_1_141' title='bbox 379 3170 500 3250; x_wconf 79' lang='lat' dir='ltr'>Priape:</span> <span class='ocrx_word' id='word_1_142' title='bbox 517 3169 610 3231; x_wconf 86' lang='lat' dir='ltr'>debeo</span> <span class='ocrx_word' id='word_1_143' title='bbox 626 3169 679 3232; x_wconf 88' lang='lat' dir='ltr'>tibi</span> <span class='ocrx_word' id='word_1_144' title='bbox 694 3170 778 3231; x_wconf 91' lang='lat' dir='ltr'>nihil.</span> 
     </span>
     <span class='ocr_line' id='line_1_31' title="bbox 303 3253 813 3335; baseline -0.002 -18"><span class='ocrx_word' id='word_1_145' title='bbox 303 3255 410 3317; x_wconf 82' lang='lat' dir='ltr'>iacebis</span> <span class='ocrx_word' id='word_1_146' title='bbox 425 3255 505 3317; x_wconf 89' lang='lat' dir='ltr'>iuter</span> <span class='ocrx_word' id='word_1_147' title='bbox 520 3253 598 3316; x_wconf 85' lang='lat' dir='ltr'>arva</span> <span class='ocrx_word' id='word_1_148' title='bbox 603 3254 729 3335; x_wconf 87' lang='lat' dir='ltr'>pallidus</span> <span class='ocrx_word' id='word_1_149' title='bbox 745 3255 813 3326; x_wconf 87' lang='lat' dir='ltr'>situ,</span> 
     </span>
     <span class='ocr_line' id='line_1_32' title="bbox 304 3337 849 3420; baseline -0.006 -18"><span class='ocrx_word' id='word_1_150' title='bbox 304 3341 444 3420; x_wconf 88' lang='lat' dir='ltr'>cauisque</span> <span class='ocrx_word' id='word_1_151' title='bbox 459 3360 543 3402; x_wconf 89' lang='lat' dir='ltr'>saeva</span> <span class='ocrx_word' id='word_1_152' title='bbox 557 3359 668 3420; x_wconf 90' lang='lat' dir='ltr'>susque</span> <span class='ocrx_word' id='word_1_153' title='bbox 682 3340 779 3420; x_wconf 83' lang='lat' dir='ltr'>ligneo</span> <span class='ocrx_word' id='word_1_154' title='bbox 795 3337 849 3401; x_wconf 91' lang='lat' dir='ltr'>tibi</span> 
     </span>
     <span class='ocr_line' id='line_1_33' title="bbox 303 3425 820 3488; baseline -0.008 0"><span class='ocrx_word' id='word_1_155' title='bbox 303 3427 418 3488; x_wconf 81' lang='lat' dir='ltr'>lutosus</span> <span class='ocrx_word' id='word_1_156' title='bbox 435 3425 576 3488; x_wconf 83' lang='lat' dir='ltr'>affricabit</span> <span class='ocrx_word' id='word_1_157' title='bbox 592 3425 719 3486; x_wconf 87' lang='lat' dir='ltr'>oblitum</span> <span class='ocrx_word' id='word_1_158' title='bbox 736 3427 820 3488; x_wconf 87' lang='lat' dir='ltr'>latus.</span> 
     </span>
     <span class='ocr_line' id='line_1_34' title="bbox 303 3510 905 3590; baseline -0.008 -17"><span class='ocrx_word' id='word_1_159' title='bbox 303 3520 332 3573; x_wconf 93' lang='lat' dir='ltr'>at</span> <span class='ocrx_word' id='word_1_160' title='bbox 348 3531 365 3572; x_wconf 90' lang='grc' dir='ltr'><strong>ο</strong></span> <span class='ocrx_word' id='word_1_161' title='bbox 381 3511 506 3573; x_wconf 85' lang='lat' dir='ltr'>sceleste</span> <span class='ocrx_word' id='word_1_162' title='bbox 521 3510 617 3590; x_wconf 77' lang='lat' dir='ltr'>pauiu,</span> <span class='ocrx_word' id='word_1_163' title='bbox 634 3530 651 3572; x_wconf 85' lang='grc' dir='ltr'><strong>ο</strong></span> <span class='ocrx_word' id='word_1_164' title='bbox 667 3530 767 3572; x_wconf 87' lang='lat' dir='ltr'>meum</span> <span class='ocrx_word' id='word_1_165' title='bbox 784 3510 905 3581; x_wconf 88' lang='lat' dir='ltr'>malurn,</span> 
     </span>
     <span class='ocr_line' id='line_1_35' title="bbox 234 3596 807 3677; baseline -0.01 -15"><span class='ocrx_word' id='word_1_166' title='bbox 234 3612 267 3662; x_wconf 84' lang='lat'>20</span> <span class='ocrx_word' id='word_1_167' title='bbox 302 3597 381 3677; x_wconf 82' lang='lat' dir='ltr'>gravi</span> <span class='ocrx_word' id='word_1_168' title='bbox 396 3596 504 3676; x_wconf 86' lang='lat' dir='ltr'>piaque</span> <span class='ocrx_word' id='word_1_169' title='bbox 520 3597 585 3676; x_wconf 84' lang='lat' dir='ltr'>lege</span> <span class='ocrx_word' id='word_1_170' title='bbox 599 3596 719 3660; x_wconf 86' lang='lat' dir='ltr'>noxiam</span> <span class='ocrx_word' id='word_1_171' title='bbox 733 3597 807 3658; x_wconf 91' lang='lat' dir='ltr'>lues.</span> 
     </span>
    </p>
   </div>
   <div class='ocr_carea' id='block_1_9' title="bbox 205 3745 1273 3922">
    <p class='ocr_par' dir='ltr' id='par_1_9' title="bbox 205 3745 1273 3922">
     <span class='ocr_line' id='line_1_36' title="bbox 254 3745 1273 3854; baseline 0.002 -20"><span class='ocrx_word' id='word_1_172' title='bbox 254 3784 377 3837; x_wconf 88' lang='lat' dir='ltr'>LXXXll</span> <span class='ocrx_word' id='word_1_173' title='bbox 389 3788 405 3838; x_wconf 82' lang='lat'><strong>2</strong></span> <span class='ocrx_word' id='word_1_174' title='bbox 418 3786 557 3852; x_wconf 80' lang='lat' dir='ltr'>Respectus</span> <span class='ocrx_word' id='word_1_175' title='bbox 569 3785 699 3838; x_wconf 78' lang='lat' dir='ltr'>Reineriur</span> <span class='ocrx_word' id='word_1_176' title='bbox 712 3784 721 3854; x_wconf 68' lang='grc' dir='ltr'>ΙΙ</span> <span class='ocrx_word' id='word_1_177' title='bbox 734 3782 869 3836; x_wconf 89' lang='lat' dir='ltr'>LXXXlll</span> <span class='ocrx_word' id='word_1_178' title='bbox 882 3785 913 3835; x_wconf 88' lang='lat'>19</span> <span class='ocrx_word' id='word_1_179' title='bbox 927 3800 940 3835; x_wconf 86' lang='lat' dir='ltr'>a</span> <span class='ocrx_word' id='word_1_180' title='bbox 954 3785 995 3836; x_wconf 83' lang='lat' dir='ltr'>eui</span> <span class='ocrx_word' id='word_1_181' title='bbox 1007 3745 1179 3836; x_wconf 49' lang='lat' dir='ltr'>marmioun</span> <span class='ocrx_word' id='word_1_182' title='bbox 1195 3785 1273 3836; x_wconf 82' lang='lat' dir='ltr'>Cuiu-</span> 
     </span>
     <span class='ocr_line' id='line_1_37' title="bbox 205 3854 1014 3922; baseline 0 -18"><span class='ocrx_word' id='word_1_183' title='bbox 205 3856 295 3916; x_wconf 70' lang='lat' dir='ltr'>ea&#39;anus</span> <span class='ocrx_word' id='word_1_184' title='bbox 306 3857 350 3920; x_wconf 80' lang='lat' dir='ltr'>qui</span> <span class='ocrx_word' id='word_1_185' title='bbox 366 3863 394 3905; x_wconf 85' lang='lat' dir='ltr'>at</span> <span class='ocrx_word' id='word_1_186' title='bbox 407 3871 421 3904; x_wconf 91' lang='grc' dir='ltr'>ο</span> <span class='ocrx_word' id='word_1_187' title='bbox 433 3857 528 3922; x_wconf 74' lang='lat' dir='ltr'>omisit,</span> <span class='ocrx_word' id='word_1_188' title='bbox 544 3854 611 3906; x_wconf 82' lang='lat' dir='ltr'>uude</span> <span class='ocrx_word' id='word_1_189' title='bbox 626 3856 720 3905; x_wconf 62' lang='lat' dir='ltr'>condet</span> <span class='ocrx_word' id='word_1_190' title='bbox 736 3854 816 3905; x_wconf 84' lang='lat' dir='ltr'>otium</span> <span class='ocrx_word' id='word_1_191' title='bbox 828 3868 909 3904; x_wconf 87' lang='lat' dir='ltr'>meum</span> <span class='ocrx_word' id='word_1_192' title='bbox 921 3854 1014 3904; x_wconf 83' lang='lat' dir='ltr'>malum</span> 
     </span>
    </p>
   </div>
   <div class='ocr_carea' id='block_1_10' title="bbox 0 0 1441 4340">
    <p class='ocr_par' dir='ltr' id='par_1_10' title="bbox 0 0 1441 4340">
     <span class='ocr_line' id='line_1_38' title="bbox 0 0 1441 4340; baseline 0 0"><span class='ocrx_word' id='word_1_193' title='bbox 0 0 1441 4340; x_wconf 95' lang='lat' dir='ltr'> </span> 
     </span>
    </p>
   </div>
  </div>
 </body>
</html>
