2864 4344
629 80 771 134 surinus

358 237 429 303 artis
444 255 564 298 severae
579 237 603 298 si
618 237 685 316 quis
700 238 792 300 ambit
810 239 929 302 allectus
984 255 986 260 ’

355 330 546 402 mentemque
560 321 674 403 maguis
688 323 822 404 applicat,
837 325 920 403 prius
935 341 1032 388 mores

354 407 527 488 frugalitatis
542 408 604 488 lege
618 409 709 489 poliat
723 417 831 472 exacta.

356 513 412 558 nec
426 502 510 555 curet
525 493 583 555 alto
598 493 708 573 regiam
723 501 837 558 trucem
852 497 937 558 vultu

356 578 481 642 cliensve
497 598 583 642 cenas
598 579 807 660 impotentium
822 589 927 661 captet,
941 619 944 624 -

355 685 410 727 nec
422 665 546 746 perditis
561 664 695 727 addictus
710 667 816 730 obruat
829 667 897 729 vino
991 687 993 691 ’

355 751 462 814 mentis
478 750 614 825 calorem,
630 770 704 814 neve
718 753 838 832 plausor
851 753 883 816 in
897 767 1033 820 scaenam

355 838 455 900 sedeat
468 837 639 917 redemptus
654 836 804 900 histrionis
820 839 855 900 ad
871 838 972 902 rictus.
1068 853 1071 860 '

313 923 364 986 sed
379 923 440 986 sive
456 922 617 1002 armigerae
631 922 730 985 rident
744 923 904 986 Tritonidis
919 942 1010 996 arces,

313 1029 363 1071 seu
379 1007 612 1073 Lacedaemonio
626 1009 713 1070 telius
728 1009 857 1072 habitata
872 1011 976 1073 colono

313 1095 489 1156 Sirenumve
504 1095 618 1167 domus,
635 1094 685 1155 det
699 1094 810 1175 primos
825 1095 959 1158 versibus
974 1111 1068 1156 annos

312 1175 538 1260 Maeoniumque
552 1179 634 1242 bibat
649 1179 723 1241 lelici
738 1187 856 1260 pectore
870 1182 995 1243 fontem.

314 1285 382 1327 mox
397 1273 428 1326 et
442 1265 590 1327 Socratico
604 1265 709 1345 plenus
724 1285 811 1346 grege
826 1267 923 1328 mittat
938 1265 1067 1328 habenas

312 1351 387 1414 liber
402 1357 431 1412 et
445 1349 574 1429 ingentis
590 1351 703 1432 quatiat
717 1351 923 1414 Demosthenis
939 1371 1029 1413 arma.

312 1437 383 1498 binc
396 1437 528 1498 Romana
544 1455 650 1498 manus
666 1437 850 1499 circumfluat
864 1445 894 1500 et
909 1437 996 1500 modo
1012 1435 1099 1498 Graio
1158 1491 1164 1502 .

313 1529 468 1584 exonerata
483 1521 556 1582 sorio
572 1529 666 1583 mutet
682 1523 791 1585 suffusa
808 1543 955 1604 saporem.

312 1608 463 1670 interdum
478 1607 621 1670 subducta
636 1608 701 1668 foro
717 1608 767 1669 det
781 1609 886 1688 pagina
902 1624 1021 1672 cursum

313 1703 342 1755 et
357 1694 475 1754 fortuna
491 1700 578 1755 sonet
593 1693 679 1754 celeri
695 1693 831 1756 distincta
846 1705 945 1755 meatu

314 1780 385 1840 dent
400 1778 501 1858 epulas
517 1784 547 1840 et
561 1777 637 1840 bella
651 1777 727 1840 truci
742 1785 903 1840 memorata
916 1797 1029 1842 canore

313 1863 495 1944 grandiaque
509 1862 645 1934 indomiti
661 1863 809 1925 Ciceronis
823 1865 911 1926 verba
927 1864 1065 1926 minetur.
1088 1895 1091 1902 ·

312 1948 358 2010 bis
373 1949 506 2011 animum
521 1947 658 2028 succinge
671 1948 772 2011 bonis:
788 1948 831 2011 sic
844 1949 967 2012 flumine
979 1949 1059 2029 largo

312 2035 417 2115 plenus
431 2033 528 2096 Pieri'o
542 2035 685 2096 defundes
700 2044 818 2115 pectore
832 2033 939 2098 verba!

213 2121 287 2182 dum
301 2121 382 2182 hunc
396 2118 565 2198 diligentius
580 2119 677 2192 audio,
694 2139 755 2181 non
770 2120 868 2182 notavi
883 2120 954 2182 mihi
966 2117 1072 2199 Ascylti
1087 2119 1187 2200 fugam
1244 2112 1264 2173 6

169 2215 200 2269 et
214 2207 286 2269 dum
301 2207 334 2268 in
348 2205 404 2268 huc
418 2205 564 2267 dictorum
579 2213 661 2268 aestu
675 2205 706 2268 in
722 2206 815 2268 hortis
830 2205 944 2278 incedo,
959 2205 1066 2285 ingens
1076 2206 1229 2281 scholasti·
1247 2265 1250 2274 ,

116 2302 150 2353 25
169 2311 275 2356 corum
291 2293 377 2354 turba
398 2291 430 2352 in
451 2291 599 2371 porticum
621 2291 710 2364 venit,
733 2298 766 2353 ut
788 2293 955 2372 apparebat,
982 2292 1018 2353 ab
1040 2291 1230 2372 extemporali

168 2377 384 2441 declamatione
399 2376 499 2438 nescio
514 2375 606 2451 cuius,
621 2377 672 2457 qui
687 2377 917 2457 Agamemnonis
932 2375 1094 2440 suasoriam
1106 2395 1228 2457 excepe-

169 2470 224 2527 rat.
256 2463 328 2524 dum
343 2481 412 2542 ergo
427 2462 547 2524 iuvenes
562 2461 724 2524 sententias
739 2462 836 2524 rident
851 2462 1046 2542 ordinemque
1059 2461 1152 2522 totius
1166 2461 1228 2523 dic·

169 2547 260 2610 tionis
274 2548 429 2620 infamant,
451 2554 619 2628 opportune
633 2547 759 2610 subduxi
774 2567 822 2609 me
838 2555 868 2608 et
882 2548 992 2608 cursim
1006 2546 1144 2625 Ascylton
1159 2565 1227 2626 per-

170 2633 257 2714 sequi
271 2632 363 2713 coepi.
401 2633 453 2694 sed
475 2653 530 2702 nec
544 2632 620 2694 viam
637 2631 791 2712 diligenter
804 2629 942 2694 tenebam
961 2627 1054 2714 [quia]
1079 2649 1134 2696 nec
1149 2631 1229 2712 quod

119 2727 152 2778 ³0
170 2719 319 2782 stabulum
344 2727 422 2780 esset
443 2718 580 2780 sciebam.
609 2717 710 2799 itaque
731 2736 909 2799 quocunque
930 2717 1032 2789 ieram,
1054 2718 1158 2786 codem
1180 2736 1227 2778 re-

170 2805 315 2876 vertebar,
331 2804 426 2865 donec
441 2811 471 2864 et
486 2823 575 2866 cursu
589 2803 727 2883 fatigatus
741 2812 772 2866 et
786 2805 894 2866 sudore
909 2803 968 2865 iam
983 2802 1106 2866 madens
1121 2801 1228 2864 accedo

103 2942 107 2946 .
169 2889 317 2952 aniculam
333 2888 493 2970 quandam,
516 2907 591 2970 quae
606 2899 722 2968 agreste
736 2890 822 2952 holus
837 2889 991 2960 vendebat,
1014 2895 1044 2948 et
1066 2887 1156 2968 ‘rogo’
1179 2886 1262 2949 in-'l

170 2993 263 3056 quam
278 2979 392 3049 ‘maten
408 2973 553 3055 numquid
569 2975 626 3038 scis
641 2975 691 3037 ubi
707 2995 759 3059 ego
775 2971 937 3038 habiteml'
968 2974 1110 3038 delectata
1122 2981 1167 3037 est
1181 2973 1228 3034 illa

163 3060 338 3123 urbanitate
352 3069 413 3122 tam
429 3060 518 3122 stulta
534 3070 563 3123 et
578 3060 691 3142 ‘quidni
705 3057 828 3123 sciami'
859 3059 965 3140 inquit,
988 3059 1230 3139 consurrexitque

121 3157 153 3209 35
171 3155 202 3209 et
217 3146 313 3226 eoepit
328 3165 376 3210 me
389 3146 575 3227 praecedere.
606 3147 734 3209 divinam
749 3166 802 3227 ego
816 3146 956 3227 putabam

172 3241 202 3294 et
215 3231 342 3296 subinde
357 3241 390 3294 ut
404 3231 436 3292 in
451 3231 550 3293 locum
561 3233 748 3294 secretiorem
760 3233 904 3304 venimus,
920 3239 1079 3293 centonem
1090 3247 1165 3290 anus
1177 3247 1240 3301 ur-¹

170 3321 249 3381 bana
263 3317 364 3379 reiecit
379 3326 408 3378 et
424 3315 489 3379 ‘hic’
512 3317 609 3397 inquit
632 3319 730 3380 ‘debes
744 3316 895 3380 habitare'.
925 3335 993 3378 cum
1015 3335 1067 3394 ego
1090 3333 1227 3394 negarem

172 3423 220 3465 me
243 3421 401 3484 agnoscere
423 3404 561 3478 domum,
583 3403 668 3465 video
690 3404 833 3484 quosdam
855 3402 933 3464 inter
953 3401 1054 3464 titulos
1075 3401 1230 3480 nudasque

241 3632 255 3683 1
273 3633 340 3680 amet
353 3626 362 3698 A
380 3629 395 3680 3
415 3629 511 3696 polleat
523 3627 532 3696 ΙΙ
546 3632 560 3682 7
578 3645 654 3682 scene
664 3628 675 3698 A
689 3631 703 3680 8
719 3630 841 3682 histrioni
861 3627 977 3681 addictus
992 3627 997 3696 Ι
1014 3627 1043 3683 ll
1065 3627 1230 3694 Sirenumque

182 3698 192 3766 A
208 3700 238 3751 16
251 3705 350 3750 mutent
365 3697 480 3750 Hucine
492 3697 501 3765 A
516 3699 546 3748 17
560 3715 662 3752 versum
681 3700 801 3751 Heinsius
813 3697 822 3767 {l
837 3699 868 3750 18
884 3698 998 3750 fraterna
1008 3702 1033 3749 et
1051 3698 1081 3748 ¹9
1095 3699 1160 3748 dona
1174 3700 1229 3747 ten·

169 3771 225 3820 tavi
233 3766 246 3836 ΙΙ
258 3769 291 3820 20
310 3767 438 3818 minentur
451 3765 463 3835 A
473 3768 505 3818 24
523 3769 570 3820 hoc
583 3776 656 3820 aestu
668 3783 753 3820 rerum
765 3775 847 3820 motus
860 3767 948 3824 incedo
964 3767 1102 3818 Berconi:
1115 3763 1124 3834 ΙΙ
1138 3765 1170 3820 29
1182 3781 1229 3834 quo

170 3837 311 3890 eubulum:
328 3837 444 3889 nomano
459 3840 597 3906 ampvdata
