2838 4348
275 116 338 178 222
729 111 881 164 SENECAE

275 287 394 332 raucam
411 275 439 330 et
450 267 638 346 implicatam,
654 267 768 345 putavit
780 266 837 328 sibi
848 266 970 328 tertium
985 266 1134 328 decimum
1144 268 1277 330 laborem
1288 289 1334 331 ve-

276 356 367 418 nisse.
390 352 560 432 diligentius
576 352 705 414 intuenti
720 351 799 414 risus
816 360 862 414 est
877 353 961 432 quasi
975 353 1074 414 homo.
1099 347 1224 416 accessit
1243 355 1334 435 itaque

276 452 304 502 et
320 441 400 521 quod
416 439 586 503 facillimum
602 437 659 499 luit
674 437 828 508 Graeculo,
844 438 898 498 ait:

360 519 410 598 τίς
425 515 533 586 πόθεν
548 511 593 598 εἷς
610 509 745 604 ἀνδρῶν,
767 519 857 586 πόθι
871 543 925 586 τοι
938 518 1037 597 πόλις
1051 518 1110 608 ἠδὲ
1123 523 1255 610 condes,

276 611 413 674 Claudius
433 609 541 688 gaudet
563 627 628 670 esse
648 608 707 670 illic
727 607 891 688 philologos
912 609 1060 683 homines,
1088 619 1189 689 sperat
1207 610 1361 673 futurumt

275 697 402 776 aliquem
425 694 555 756 historiis
576 694 640 756 suis
661 694 769 755 locum.
805 695 903 774 itaque
932 703 962 756 et
986 695 1052 773 ipse
1068 695 1228 758 Homerico
1254 715 1332 758 versu

276 783 429 844 Caesarem
446 799 478 842 se
490 799 554 841 esse
570 779 738 857 significans
755 780 811 841 ait:
1393 788 1394 874 q

374 857 514 930 Ἰλιόθεν
528 883 569 943 pa
584 860 693 948 φέρων
709 857 825 942 ἄνεμος
839 855 1017 926 Κικόνεσσι
1031 859 1205 928 πέλασσεν.
1393 875 1394 878 ’

275 958 452 1016 enatantem
469 967 600 1054 sequens
617 967 719 1011 versus
736 949 843 1021 verior,
858 967 953 1028 aeque
969 949 1162 1018 Homericus:

397 1028 518 1098 Raab
547 1033 608 1115 ἐγώ
623 1031 722 1096 πόλιν
736 1026 894 1114 ἔπραθον,
913 1027 1071 1098 dboed'
1088 1025 1218 1108 αὐτούς.
1352 1051 1376 1099 lu

234 1115 253 1176 6
276 1131 305 1185 et
327 1123 511 1203 imposuerat
530 1121 649 1184 Herculi
675 1121 797 1182 minime
818 1121 910 1192 vafro,
936 1118 994 1182 nisi
1019 1119 1125 1182 luisset
1147 1121 1207 1184 ibic
1231 1120 1333 1192 Febris,

276 1228 351 1289 quae
366 1208 435 1269 lano
452 1227 506 1268 suo
523 1207 624 1268 relicto
641 1206 704 1267 sola
720 1224 788 1267 cum
803 1205 852 1266 illo
869 1213 1004 1266 venerat:
1022 1213 1137 1267 ceteros
1150 1225 1256 1270 omnes
1271 1207 1334 1267 deos

276 1295 387 1358 Romae
403 1293 572 1372 reliquerat.
595 1291 670 1354 ‘iste’
685 1291 784 1370 inquit
800 1296 890 1352 ‘mera
906 1291 1061 1352 mendacia
1076 1299 1186 1354 narrat.
1215 1311 1268 1372 ego
1287 1291 1335 1352 tihi

276 1380 351 1450 dico,
368 1396 528 1459 quaecum
544 1378 594 1438 illo
611 1382 656 1438 tot
670 1377 755 1439 annis
772 1375 842 1438 vixi:
870 1375 1029 1454 Luguduni
1053 1384 1141 1438 natus
1164 1385 1219 1449 est,
1245 1377 1336 1438 Planci

275 1465 457 1545 municipem
471 1463 562 1524 rides.
586 1463 666 1542 quod
681 1462 736 1523 tibi
751 1479 849 1532 narro,
866 1462 900 1522 ad
917 1468 1036 1524 sextum
1052 1461 1203 1524 decimum
1219 1463 1338 1543 lapidem
1355 1477 1377 1526 15

276 1557 425 1613 natusest
444 1569 460 1610 a
476 1548 598 1621 Vienna,
620 1548 720 1608 Gallus
739 1565 911 1625 germanus.
934 1547 1035 1626 itaque
1056 1548 1137 1627 quod
1159 1547 1275 1610 Gallum
1294 1548 1336 1608 fa-

276 1653 343 1700 cere
358 1632 523 1716 oportebat,
540 1633 665 1696 Romam
680 1633 765 1712 cepit.
798 1633 879 1694 hunc
900 1649 952 1710 ego
974 1631 1027 1694 tibi
1047 1632 1161 1712 recipio
1184 1633 1337 1714 Luguduni

275 1730 389 1795 natum,
415 1721 466 1783 nbi
480 1718 600 1781 Licinus
616 1719 717 1780 multis
731 1717 818 1780 annis
833 1718 975 1796 regnavit.
999 1726 1032 1780 tu
1053 1725 1163 1786 autem,
1192 1721 1244 1798 qui
1258 1719 1337 1800 plura

276 1809 339 1871 loca
359 1806 475 1869 calcasti
501 1823 590 1884 quam
616 1806 693 1866 ullus
719 1804 812 1866 mulio
841 1803 1058 1883 perpetuarius,
1087 1804 1336 1883 [Lugudunenses]

276 1895 351 1955 scire
366 1893 457 1954 debes
473 1890 660 1954 multamilia
676 1890 756 1950 inter
771 1889 925 1952 Xanthum
941 1896 970 1950 et
986 1889 1165 1951 Rhodanum
1179 1890 1337 1952 interesse?¹
1353 1899 1376 1950 to

277 1977 464 2042 excandescit
485 1976 620 2038 hocloco
637 1975 774 2038 Claudius
789 1983 819 2036 et
835 1982 946 2054 quanto
962 1981 1058 2053 potest
1071 1994 1227 2038 murmure
1242 1976 1337 2038 irasci·

276 2073 334 2127 tur.
368 2064 437 2144 quid
454 2063 573 2134 diceret,
600 2079 689 2122 nemo
710 2061 907 2139 intellegebat.
940 2060 989 2121 ille
1009 2069 1110 2122 autern
1135 2061 1258 2124 Febrim
1277 2060 1338 2123 duci

276 2150 395 2212 iubebat
410 2148 459 2210 illo
474 2154 560 2225 gestu
569 2147 680 2208 solutae
690 2164 797 2208 manus
813 2154 842 2208 et
853 2146 890 2207 ad
902 2146 959 2206 hoo
969 2163 1064 2208 unum
1075 2145 1147 2207 satis
1159 2147 1272 2221 firmae,
1285 2165 1337 2224 qno
1396 2162 1397 2220 ι

279 2237 423 2298 decollare
438 2232 577 2294 homines
592 2231 716 2294 solebat.
740 2232 868 2294 iusserat
883 2230 924 2292 illi
939 2231 1045 2292 collum
1062 2233 1203 2310 praecidi.
1226 2242 1337 2313 putares

234 2319 380 2384 'lomnes
405 2319 483 2382 illius
508 2337 573 2380 esse
604 2317 741 2379 libertos:
779 2318 853 2380 adeo
884 2317 968 2378 illum
1000 2335 1088 2380 nemo
1108 2317 1240 2381 cmahat.
1283 2326 1341 2381 tum
1354 2327 1397 2376 νῦν

276 2407 416 2469 Hercules
442 2404 521 2466 ‘audi
543 2401 725 2482 me’inquit
751 2410 794 2464 ‘tu
810 2402 912 2464 desine
930 2401 1048 2463 fatuari.
1077 2402 1185 2466 venisti
1199 2404 1270 2478 huc,
1294 2403 1340 2464 uhi

276 2511 375 2554 mures
391 2493 504 2554 remum
520 2489 638 2551 rodunt.
662 2487 747 2550 citius
763 2488 835 2550 mihi
858 2507 970 2560 verum,
986 2505 1025 2548 ne
1040 2487 1095 2549 tibi
1105 2488 1215 2566 alogias
1232 2489 1339 2552 excuti-

276 2577 341 2640 am'.
365 2586 394 2640 et
409 2597 468 2657 quo
484 2574 645 2638 terribilior
660 2580 747 2644 esset,
762 2573 890 2653 tragicus
904 2573 937 2632 tlt
954 2580 984 2634 et
998 2573 1053 2634 ait:

419 2671 572 2741 ‘exprome
589 2679 723 2740 propere,
741 2659 809 2720 sede
825 2678 883 2739 qua
897 2658 1016 2735 genitus
1032 2659 1137 2730 eluas,-

418 2749 475 2810 hoc
489 2766 528 2808 ne
543 2753 717 2826 peremptus
733 2745 835 2823 stipite
850 2745 885 2804 ad
901 2751 1017 2816 terram
1030 2745 1159 2816 accidas3
1356 2755 1379 2804 u

418 2835 491 2894 haec
505 2834 583 2906 olava
598 2848 683 2912 reges
697 2849 784 2909 saepe
799 2829 938 2892 mactavit
952 2829 1041 2890 leros.

419 2919 490 2999 qnid
507 2911 588 2980 nunc
603 2917 720 2997 prolatu
735 2915 814 2976 vocis
830 2915 942 2976 incerto
958 2911 1071 2976 sonas?

419 3025 495 3085 quac
508 3003 610 3084 patrie,
627 3020 702 3082 quae
717 3020 789 3080 gens
806 3001 914 3064 mobile
930 3000 1032 3063 eduxit
1046 2995 1158 3078 caput?

420 3091 558 3154 edissere.
582 3088 721 3169 equidem
735 3104 825 3165 regna
836 3085 998 3164 tergemini
1014 3092 1118 3165 petens

418 3176 580 3256 longinqua
595 3174 681 3253 regis,
697 3173 777 3234 unde
792 3172 828 3234 ah
844 3171 989 3250 Hesperio
1005 3169 1079 3232 mari

419 3262 568 3324 Inachiam
584 3261 619 3322 ad
636 3259 742 3321 urbem
758 3257 857 3320 nobile
872 3257 980 3318 advexi*
990 3274 1091 3336 pecus,

419 3347 479 3410 ridi
494 3347 611 3410 duobus
626 3343 788 3406 imminens
803 3342 900 3404 lluviis
915 3341 1027 3420 iugum,

421 3434 501 3512 quod
519 3430 655 3494 Phoebus
672 3437 741 3490 ortu
756 3446 876 3506 semper
891 3427 1016 3489 obverso
1033 3424 1121 3496 videt,

421 3518 472 3580 uhi
487 3518 650 3580 Rhodanus
665 3515 771 3594 ingens
786 3532 874 3576 amne
890 3512 1063 3592 praerapido
1079 3509 1143 3570 tluit

421 3605 553 3684 Ararque
568 3602 716 3674 dubitans,
732 3619 791 3680 quo
807 3618 878 3661 suos
893 3617 998 3660 cursus
1014 3605 1091 3676 agat,

334 3663 344 3682 d

312 3765 327 3813 9
340 3774 369 3812 ac
404 3776 417 3810 e
430 3759 578 3810 Homericus
591 3760 707 3824 suspecto
719 3754 728 3822 l
743 3755 772 3805 11
785 3755 881 3805 homiui
892 3752 992 3804 minime
1006 3750 1094 3804 lunate
1107 3747 1115 3817 ll
1133 3750 1164 3800 14
1175 3751 1257 3801 marci
1269 3751 1343 3801 mnni-

279 3827 375 3896 eipeml
394 3827 427 3880 24
439 3829 552 3880 iusserat
564 3827 606 3877 illi
618 3826 709 3877 collum
722 3824 838 3890 praecidi
853 3819 1006 3890 interpolato
1021 3819 1138 3871 emmor
1151 3817 1233 3870 aloem
1247 3825 1343 3870 eonten-

189 3951 195 3964 ,
277 3902 342 3949 tiam
354 3898 483 3964 capult‘cse
