<?xml version="1.0" encoding="UTF-8"?>
<!DOCTYPE html PUBLIC "-//W3C//DTD XHTML 1.0 Transitional//EN"
    "http://www.w3.org/TR/xhtml1/DTD/xhtml1-transitional.dtd">
<html xmlns="http://www.w3.org/1999/xhtml" xml:lang="en" lang="en">
 <head>
  <title>
</title>
<meta http-equiv="Content-Type" content="text/html;charset=utf-8" />
  <meta name='ocr-system' content='tesseract 3.04.00' />
  <meta name='ocr-capabilities' content='ocr_page ocr_carea ocr_par ocr_line ocrx_word'/>
</head>
<body>
  <div class='ocr_page' id='page_1' title='image "./satiraeetliberp00buecgoog_0012.png"; bbox 0 0 2864 4344; ppageno 0'>
   <div class='ocr_carea' id='block_1_1' title="bbox 39 1454 1299 1884">
    <p class='ocr_par' dir='ltr' id='par_1_1' title="bbox 39 1454 1299 1884">
     <span class='ocr_line' id='line_1_1' title="bbox 225 1454 1196 1539; baseline -0.002 -17"><span class='ocrx_word' id='word_1_1' title='bbox 225 1457 495 1522; x_wconf 71' lang='lat' dir='ltr'><strong>taausaaacttem</strong></span> <span class='ocrx_word' id='word_1_2' title='bbox 504 1456 598 1521; x_wconf 81' lang='lat' dir='ltr'><em>XVII</em></span> <span class='ocrx_word' id='word_1_3' title='bbox 603 1459 620 1520; x_wconf 91' lang='lat'>7</span> <span class='ocrx_word' id='word_1_4' title='bbox 628 1477 637 1520; x_wconf 92' lang='lat'>:</span> <span class='ocrx_word' id='word_1_5' title='bbox 653 1475 729 1520; x_wconf 78' lang='lat' dir='ltr'><strong>anno</strong></span> <span class='ocrx_word' id='word_1_6' title='bbox 745 1454 955 1522; x_wconf 73' lang='lat' dir='ltr'><strong>fbmbta&#39;oaodd</strong></span> <span class='ocrx_word' id='word_1_7' title='bbox 969 1457 1196 1539; x_wconf 85' lang='lat' dir='ltr'><strong>eodemagmino</strong></span> 
     </span>
     <span class='ocr_line' id='line_1_2' title="bbox 138 1543 1232 1634; baseline 0.001 -27"><span class='ocrx_word' id='word_1_8' title='bbox 138 1546 279 1607; x_wconf 76' lang='lat' dir='ltr'><strong>Annaeus</strong></span> <span class='ocrx_word' id='word_1_9' title='bbox 286 1544 368 1618; x_wconf 86' lang='lat' dir='ltr'><strong>Mela,</strong></span> <span class='ocrx_word' id='word_1_10' title='bbox 385 1544 505 1606; x_wconf 85' lang='lat' dir='ltr'><strong>Cerialis</strong></span> <span class='ocrx_word' id='word_1_11' title='bbox 512 1545 642 1617; x_wconf 75' lang='lat' dir='ltr'><strong>Anicius,</strong></span> <span class='ocrx_word' id='word_1_12' title='bbox 657 1544 760 1606; x_wconf 87' lang='lat' dir='ltr'><strong>llulius</strong></span> <span class='ocrx_word' id='word_1_13' title='bbox 769 1543 919 1634; x_wconf 82' lang='lat' dir='ltr'><strong>Crispipus</strong></span> <span class='ocrx_word' id='word_1_14' title='bbox 927 1563 961 1607; x_wconf 91' lang='lat' dir='ltr'><strong>ac</strong></span> <span class='ocrx_word' id='word_1_15' title='bbox 975 1544 1130 1608; x_wconf 78' lang='lat' dir='ltr'><strong>Petronius</strong></span> <span class='ocrx_word' id='word_1_16' title='bbox 1146 1560 1197 1607; x_wconf 78' lang='lat' dir='ltr'><strong>ut·</strong></span> <span class='ocrx_word' id='word_1_17' title='bbox 1228 1553 1232 1558; x_wconf 81' lang='grc'><strong>“</strong></span> 
     </span>
     <span class='ocr_line' id='line_1_3' title="bbox 140 1629 1196 1711; baseline 0 -19"><span class='ocrx_word' id='word_1_18' title='bbox 140 1632 246 1693; x_wconf 84' lang='lat' dir='ltr'><strong>cidere.</strong></span> <span class='ocrx_word' id='word_1_19' title='bbox 270 1641 330 1692; x_wconf 83' lang='lat' dir='ltr'><strong>tum</strong></span> <span class='ocrx_word' id='word_1_20' title='bbox 343 1634 374 1692; x_wconf 81' lang='lat' dir='ltr'><strong>io</strong></span> <span class='ocrx_word' id='word_1_21' title='bbox 390 1635 479 1711; x_wconf 79' lang='lat' dir='ltr'><strong>capite</strong></span> <span class='ocrx_word' id='word_1_22' title='bbox 493 1629 552 1692; x_wconf 87' lang='lat'><strong>18:</strong></span> <span class='ocrx_word' id='word_1_23' title='bbox 574 1631 610 1692; x_wconf 90' lang='lat' dir='ltr'><strong>de</strong></span> <span class='ocrx_word' id='word_1_24' title='bbox 625 1630 656 1691; x_wconf 85' lang='lat' dir='ltr'><strong>C.</strong></span> <span class='ocrx_word' id='word_1_25' title='bbox 672 1630 810 1692; x_wconf 93' lang='lat' dir='ltr'><strong>Petronio</strong></span> <span class='ocrx_word' id='word_1_26' title='bbox 826 1649 918 1711; x_wconf 88' lang='lat' dir='ltr'><strong>pauca</strong></span> <span class='ocrx_word' id='word_1_27' title='bbox 934 1649 1022 1711; x_wconf 91' lang='lat' dir='ltr'><strong>supra</strong></span> <span class='ocrx_word' id='word_1_28' title='bbox 1038 1633 1196 1711; x_wconf 90' lang='lat' dir='ltr'><strong>repetenda</strong></span> 
     </span>
     <span class='ocr_line' id='line_1_4' title="bbox 39 1715 1299 1797; baseline -0.002 -19"><span class='ocrx_word' id='word_1_29' title='bbox 39 1783 41 1796; x_wconf 47' lang='lat'><strong>,</strong></span> <span class='ocrx_word' id='word_1_30' title='bbox 140 1726 219 1778; x_wconf 84' lang='lat' dir='ltr'><strong>sunt</strong></span> <span class='ocrx_word' id='word_1_31' title='bbox 235 1715 353 1779; x_wconf 92' lang='lat' dir='ltr'><strong>namilli</strong></span> <span class='ocrx_word' id='word_1_32' title='bbox 369 1716 432 1778; x_wconf 92' lang='lat' dir='ltr'><strong>dies</strong></span> <span class='ocrx_word' id='word_1_33' title='bbox 439 1735 649 1797; x_wconf 87' lang='lat' dir='ltr'><strong>persomnum,</strong></span> <span class='ocrx_word' id='word_1_34' title='bbox 664 1734 723 1777; x_wconf 86' lang='lat' dir='ltr'><strong>nox</strong></span> <span class='ocrx_word' id='word_1_35' title='bbox 731 1715 832 1778; x_wconf 86' lang='lat' dir='ltr'><strong>officiis</strong></span> <span class='ocrx_word' id='word_1_36' title='bbox 841 1724 871 1777; x_wconf 96' lang='lat' dir='ltr'><strong>et</strong></span> <span class='ocrx_word' id='word_1_37' title='bbox 885 1716 1107 1778; x_wconf 82' lang='lat' dir='ltr'><strong>oblectamentis</strong></span> <span class='ocrx_word' id='word_1_38' title='bbox 1121 1717 1197 1779; x_wconf 84' lang='lat' dir='ltr'><strong>vitae</strong></span> <span class='ocrx_word' id='word_1_39' title='bbox 1287 1781 1299 1792; x_wconf 57' lang='grc'><strong>,,</strong></span> 
     </span>
     <span class='ocr_line' id='line_1_5' title="bbox 39 1801 1196 1884; baseline 0.001 -21"><span class='ocrx_word' id='word_1_40' title='bbox 39 1835 40 1884; x_wconf 50' lang='lat'>3</span> <span class='ocrx_word' id='word_1_41' title='bbox 138 1802 371 1881; x_wconf 86' lang='lat' dir='ltr'><strong>transigebatur;</strong></span> <span class='ocrx_word' id='word_1_42' title='bbox 393 1811 485 1882; x_wconf 92' lang='lat' dir='ltr'><strong>utque</strong></span> <span class='ocrx_word' id='word_1_43' title='bbox 498 1802 571 1865; x_wconf 91' lang='lat' dir='ltr'><strong>alios</strong></span> <span class='ocrx_word' id='word_1_44' title='bbox 584 1802 739 1875; x_wconf 90' lang='lat' dir='ltr'><strong>industria,</strong></span> <span class='ocrx_word' id='word_1_45' title='bbox 757 1801 797 1862; x_wconf 90' lang='lat' dir='ltr'><strong>ita</strong></span> <span class='ocrx_word' id='word_1_46' title='bbox 812 1801 894 1862; x_wconf 92' lang='lat' dir='ltr'><strong>hunc</strong></span> <span class='ocrx_word' id='word_1_47' title='bbox 907 1801 1021 1882; x_wconf 84' lang='lat' dir='ltr'><strong>ignavia</strong></span> <span class='ocrx_word' id='word_1_48' title='bbox 1036 1801 1073 1864; x_wconf 94' lang='lat' dir='ltr'><strong>ad</strong></span> <span class='ocrx_word' id='word_1_49' title='bbox 1088 1802 1196 1866; x_wconf 89' lang='lat' dir='ltr'><strong>famam</strong></span> 
     </span>
    </p>
   </div>
   <div class='ocr_carea' id='block_1_2' title="bbox 140 1887 1197 1969">
    <p class='ocr_par' dir='ltr' id='par_1_2' title="bbox 140 1887 1197 1969">
     <span class='ocr_line' id='line_1_6' title="bbox 140 1887 1197 1969; baseline 0.001 -20"><span class='ocrx_word' id='word_1_50' title='bbox 140 1889 312 1968; x_wconf 81' lang='lat' dir='ltr'><strong>protulerat,</strong></span> <span class='ocrx_word' id='word_1_51' title='bbox 334 1887 555 1968; x_wconf 79' lang='lat' dir='ltr'><strong>habebaturque</strong></span> <span class='ocrx_word' id='word_1_52' title='bbox 577 1906 638 1949; x_wconf 93' lang='lat' dir='ltr'><strong>non</strong></span> <span class='ocrx_word' id='word_1_53' title='bbox 652 1906 746 1968; x_wconf 91' lang='lat' dir='ltr'><strong>ganeo</strong></span> <span class='ocrx_word' id='word_1_54' title='bbox 769 1895 799 1946; x_wconf 91' lang='lat' dir='ltr'><strong>et</strong></span> <span class='ocrx_word' id='word_1_55' title='bbox 820 1887 989 1968; x_wconf 86' lang='lat' dir='ltr'><strong>profligator</strong></span> <span class='ocrx_word' id='word_1_56' title='bbox 1010 1897 1044 1948; x_wconf 92' lang='lat' dir='ltr'><strong>ut</strong></span> <span class='ocrx_word' id='word_1_57' title='bbox 1065 1888 1197 1969; x_wconf 84' lang='lat' dir='ltr'><strong>plerique</strong></span> 
     </span>
    </p>
   </div>
   <div class='ocr_carea' id='block_1_3' title="bbox 39 1971 1198 2310">
    <p class='ocr_par' dir='ltr' id='par_1_3' title="bbox 39 1971 1198 2310">
     <span class='ocr_line' id='line_1_7' title="bbox 39 1971 1197 2054; baseline 0.002 -20"><span class='ocrx_word' id='word_1_58' title='bbox 39 1989 41 2052; x_wconf 64' lang='lat' dir='ltr'><strong>l</strong></span> <span class='ocrx_word' id='word_1_59' title='bbox 140 1991 192 2035; x_wconf 84' lang='lat' dir='ltr'><strong>sna</strong></span> <span class='ocrx_word' id='word_1_60' title='bbox 206 1972 418 2047; x_wconf 84' lang='lat' dir='ltr'><strong>haurientium,</strong></span> <span class='ocrx_word' id='word_1_61' title='bbox 434 1973 485 2034; x_wconf 89' lang='lat' dir='ltr'><strong>sed</strong></span> <span class='ocrx_word' id='word_1_62' title='bbox 497 1973 611 2035; x_wconf 90' lang='lat' dir='ltr'><strong>erudito</strong></span> <span class='ocrx_word' id='word_1_63' title='bbox 623 1973 702 2034; x_wconf 84' lang='lat' dir='ltr'><strong>luxu.</strong></span> <span class='ocrx_word' id='word_1_64' title='bbox 732 1991 766 2035; x_wconf 90' lang='lat' dir='ltr'><strong>ac</strong></span> <span class='ocrx_word' id='word_1_65' title='bbox 777 1971 853 2034; x_wconf 87' lang='lat' dir='ltr'><strong>dicta</strong></span> <span class='ocrx_word' id='word_1_66' title='bbox 866 1973 1000 2052; x_wconf 85' lang='lat' dir='ltr'><strong>factaque</strong></span> <span class='ocrx_word' id='word_1_67' title='bbox 1012 1972 1074 2034; x_wconf 91' lang='lat' dir='ltr'><strong>eius</strong></span> <span class='ocrx_word' id='word_1_68' title='bbox 1086 1983 1197 2054; x_wconf 87' lang='lat' dir='ltr'><strong>quanto</strong></span> 
     </span>
     <span class='ocr_line' id='line_1_8' title="bbox 39 2058 1198 2142; baseline 0.003 -23"><span class='ocrx_word' id='word_1_69' title='bbox 39 2069 41 2130; x_wconf 70' lang='lat' dir='ltr'><strong>l</strong></span> <span class='ocrx_word' id='word_1_70' title='bbox 140 2059 281 2122; x_wconf 87' lang='lat' dir='ltr'><strong>solutiora</strong></span> <span class='ocrx_word' id='word_1_71' title='bbox 296 2068 324 2120; x_wconf 91' lang='lat' dir='ltr'><strong>et</strong></span> <span class='ocrx_word' id='word_1_72' title='bbox 339 2059 489 2139; x_wconf 89' lang='lat' dir='ltr'><strong>quandam</strong></span> <span class='ocrx_word' id='word_1_73' title='bbox 503 2059 547 2121; x_wconf 91' lang='lat' dir='ltr'><strong>sui</strong></span> <span class='ocrx_word' id='word_1_74' title='bbox 555 2059 769 2140; x_wconf 83' lang='lat' dir='ltr'><strong>neglegentiam</strong></span> <span class='ocrx_word' id='word_1_75' title='bbox 777 2058 981 2138; x_wconf 84' lang='lat' dir='ltr'><strong>praeferentia,</strong></span> <span class='ocrx_word' id='word_1_76' title='bbox 998 2066 1080 2120; x_wconf 90' lang='lat' dir='ltr'><strong>tanto</strong></span> <span class='ocrx_word' id='word_1_77' title='bbox 1087 2059 1198 2142; x_wconf 83' lang='lat' dir='ltr'><strong>gratius</strong></span> 
     </span>
     <span class='ocr_line' id='line_1_9' title="bbox 39 2143 1197 2225; baseline 0.006 -25"><span class='ocrx_word' id='word_1_78' title='bbox 39 2197 40 2200; x_wconf 74' lang='grc'>,</span> <span class='ocrx_word' id='word_1_79' title='bbox 140 2144 315 2225; x_wconf 88' lang='lat' dir='ltr'><strong>inspeciem</strong></span> <span class='ocrx_word' id='word_1_80' title='bbox 330 2144 522 2225; x_wconf 89' lang='lat' dir='ltr'><strong>simplicitatis</strong></span> <span class='ocrx_word' id='word_1_81' title='bbox 537 2144 764 2225; x_wconf 88' lang='lat' dir='ltr'><strong>accipiebantur.</strong></span> <span class='ocrx_word' id='word_1_82' title='bbox 809 2143 966 2225; x_wconf 87' lang='lat' dir='ltr'><strong>pmconsul</strong></span> <span class='ocrx_word' id='word_1_83' title='bbox 980 2153 1081 2206; x_wconf 87' lang='lat' dir='ltr'><strong>tanen</strong></span> <span class='ocrx_word' id='word_1_84' title='bbox 1096 2143 1197 2224; x_wconf 83' lang='lat' dir='ltr'><strong>Bithy-</strong></span> 
     </span>
     <span class='ocr_line' id='line_1_10' title="bbox 39 2229 1198 2310; baseline -0.002 -16"><span class='ocrx_word' id='word_1_85' title='bbox 39 2287 40 2294; x_wconf 71' lang='grc'>,</span> <span class='ocrx_word' id='word_1_86' title='bbox 140 2231 206 2292; x_wconf 90' lang='lat' dir='ltr'><strong>niae</strong></span> <span class='ocrx_word' id='word_1_87' title='bbox 221 2239 252 2290; x_wconf 93' lang='lat' dir='ltr'><strong>et</strong></span> <span class='ocrx_word' id='word_1_88' title='bbox 266 2249 332 2291; x_wconf 89' lang='lat' dir='ltr'><strong>mox</strong></span> <span class='ocrx_word' id='word_1_89' title='bbox 348 2230 452 2291; x_wconf 90' lang='lat' dir='ltr'><strong>consul</strong></span> <span class='ocrx_word' id='word_1_90' title='bbox 462 2230 608 2310; x_wconf 88' lang='lat' dir='ltr'><strong>vigentem</strong></span> <span class='ocrx_word' id='word_1_91' title='bbox 621 2251 652 2292; x_wconf 89' lang='lat' dir='ltr'><strong>se</strong></span> <span class='ocrx_word' id='word_1_92' title='bbox 667 2250 701 2294; x_wconf 93' lang='lat' dir='ltr'><strong>ac</strong></span> <span class='ocrx_word' id='word_1_93' title='bbox 711 2249 812 2310; x_wconf 87' lang='lat' dir='ltr'><strong>parem</strong></span> <span class='ocrx_word' id='word_1_94' title='bbox 828 2229 951 2309; x_wconf 90' lang='lat' dir='ltr'><strong>negotiis</strong></span> <span class='ocrx_word' id='word_1_95' title='bbox 963 2230 1099 2291; x_wconf 92' lang='lat' dir='ltr'><strong>ostendit.</strong></span> <span class='ocrx_word' id='word_1_96' title='bbox 1129 2231 1198 2293; x_wconf 89' lang='lat' dir='ltr'><strong>dein</strong></span> 
     </span>
    </p>
   </div>
   <div class='ocr_carea' id='block_1_4' title="bbox 141 2315 1197 2394">
    <p class='ocr_par' dir='ltr' id='par_1_4' title="bbox 141 2315 1197 2394">
     <span class='ocr_line' id='line_1_11' title="bbox 141 2315 1197 2394; baseline 0.004 -18"><span class='ocrx_word' id='word_1_97' title='bbox 141 2316 290 2377; x_wconf 88' lang='lat' dir='ltr'><strong>revolutus</strong></span> <span class='ocrx_word' id='word_1_98' title='bbox 306 2316 342 2377; x_wconf 90' lang='lat' dir='ltr'><strong>ad</strong></span> <span class='ocrx_word' id='word_1_99' title='bbox 359 2315 425 2376; x_wconf 90' lang='lat' dir='ltr'><strong>vitia</strong></span> <span class='ocrx_word' id='word_1_100' title='bbox 441 2335 493 2376; x_wconf 89' lang='lat' dir='ltr'><strong>seu</strong></span> <span class='ocrx_word' id='word_1_101' title='bbox 508 2315 646 2378; x_wconf 84' lang='lat' dir='ltr'><strong>vitiorum</strong></span> <span class='ocrx_word' id='word_1_102' title='bbox 668 2315 832 2377; x_wconf 89' lang='lat' dir='ltr'><strong>imitatione</strong></span> <span class='ocrx_word' id='word_1_103' title='bbox 855 2315 933 2377; x_wconf 92' lang='lat' dir='ltr'><strong>inter</strong></span> <span class='ocrx_word' id='word_1_104' title='bbox 947 2333 1056 2394; x_wconf 89' lang='lat' dir='ltr'><strong>paucos</strong></span> <span class='ocrx_word' id='word_1_105' title='bbox 1071 2315 1197 2380; x_wconf 92' lang='lat' dir='ltr'><strong>familia·</strong></span> 
     </span>
    </p>
   </div>
   <div class='ocr_carea' id='block_1_5' title="bbox 39 2399 1198 2482">
    <p class='ocr_par' dir='ltr' id='par_1_5' title="bbox 39 2399 1198 2482">
     <span class='ocr_line' id='line_1_12' title="bbox 39 2399 1198 2482; baseline 0.002 -20"><span class='ocrx_word' id='word_1_106' title='bbox 39 2421 41 2432; x_wconf 71' lang='grc'><em>’</em></span> <span class='ocrx_word' id='word_1_107' title='bbox 142 2401 218 2463; x_wconf 92' lang='lat' dir='ltr'><strong>rium</strong></span> <span class='ocrx_word' id='word_1_108' title='bbox 233 2399 343 2462; x_wconf 90' lang='lat' dir='ltr'><strong>Neroni</strong></span> <span class='ocrx_word' id='word_1_109' title='bbox 358 2401 531 2481; x_wconf 87' lang='lat' dir='ltr'><strong>adsumptus</strong></span> <span class='ocrx_word' id='word_1_110' title='bbox 547 2410 600 2474; x_wconf 88' lang='lat' dir='ltr'><strong>est,</strong></span> <span class='ocrx_word' id='word_1_111' title='bbox 615 2401 774 2482; x_wconf 79' lang='lat' dir='ltr'><strong>elegantiae</strong></span> <span class='ocrx_word' id='word_1_112' title='bbox 790 2401 907 2473; x_wconf 87' lang='lat' dir='ltr'><strong>arbiter,</strong></span> <span class='ocrx_word' id='word_1_113' title='bbox 923 2401 994 2462; x_wconf 92' lang='lat' dir='ltr'><strong>dum</strong></span> <span class='ocrx_word' id='word_1_114' title='bbox 1010 2401 1198 2466; x_wconf 82' lang='lat' dir='ltr'><strong>nihilamoe-</strong></span> 
     </span>
    </p>
   </div>
   <div class='ocr_carea' id='block_1_6' title="bbox 142 2485 1198 2652">
    <p class='ocr_par' dir='ltr' id='par_1_6' title="bbox 142 2485 1198 2652">
     <span class='ocr_line' id='line_1_13' title="bbox 142 2485 1198 2568; baseline 0.003 -21"><span class='ocrx_word' id='word_1_115' title='bbox 142 2505 215 2548; x_wconf 92' lang='lat' dir='ltr'><strong>num</strong></span> <span class='ocrx_word' id='word_1_116' title='bbox 229 2495 259 2548; x_wconf 89' lang='lat' dir='ltr'><strong>et</strong></span> <span class='ocrx_word' id='word_1_117' title='bbox 274 2486 361 2547; x_wconf 91' lang='lat' dir='ltr'><strong>molle</strong></span> <span class='ocrx_word' id='word_1_118' title='bbox 376 2486 524 2548; x_wconf 82' lang='lat' dir='ltr'><strong>affluentia</strong></span> <span class='ocrx_word' id='word_1_119' title='bbox 539 2495 631 2567; x_wconf 90' lang='lat' dir='ltr'><strong>putat,</strong></span> <span class='ocrx_word' id='word_1_120' title='bbox 654 2487 711 2548; x_wconf 88' lang='lat' dir='ltr'><strong>nisi</strong></span> <span class='ocrx_word' id='word_1_121' title='bbox 733 2487 811 2566; x_wconf 91' lang='lat' dir='ltr'><strong>quod</strong></span> <span class='ocrx_word' id='word_1_122' title='bbox 826 2485 853 2546; x_wconf 92' lang='lat' dir='ltr'><strong>ei</strong></span> <span class='ocrx_word' id='word_1_123' title='bbox 874 2485 1031 2548; x_wconf 89' lang='lat' dir='ltr'><strong>Petronius</strong></span> <span class='ocrx_word' id='word_1_124' title='bbox 1053 2489 1198 2568; x_wconf 90' lang='lat' dir='ltr'><strong>approba·</strong></span> 
     </span>
     <span class='ocr_line' id='line_1_14' title="bbox 142 2571 1198 2652; baseline 0.004 -20"><span class='ocrx_word' id='word_1_125' title='bbox 142 2572 237 2634; x_wconf 87' lang='lat' dir='ltr'><strong>visset.</strong></span> <span class='ocrx_word' id='word_1_126' title='bbox 267 2571 347 2633; x_wconf 92' lang='lat' dir='ltr'><strong>unde</strong></span> <span class='ocrx_word' id='word_1_127' title='bbox 361 2571 469 2633; x_wconf 88' lang='lat' dir='ltr'><strong>invidia</strong></span> <span class='ocrx_word' id='word_1_128' title='bbox 481 2572 616 2652; x_wconf 88' lang='lat' dir='ltr'><strong>Tigellini</strong></span> <span class='ocrx_word' id='word_1_129' title='bbox 628 2571 711 2652; x_wconf 87' lang='lat' dir='ltr'><strong>quasi</strong></span> <span class='ocrx_word' id='word_1_130' title='bbox 722 2573 861 2633; x_wconf 87' lang='lat' dir='ltr'><strong>adversus</strong></span> <span class='ocrx_word' id='word_1_131' title='bbox 873 2571 1021 2633; x_wconf 89' lang='lat' dir='ltr'><strong>aemulum</strong></span> <span class='ocrx_word' id='word_1_132' title='bbox 1037 2580 1066 2632; x_wconf 92' lang='lat' dir='ltr'><strong>et</strong></span> <span class='ocrx_word' id='word_1_133' title='bbox 1077 2573 1198 2636; x_wconf 88' lang='lat' dir='ltr'><strong>scientia</strong></span> 
     </span>
    </p>
   </div>
   <div class='ocr_carea' id='block_1_7' title="bbox 39 2655 1198 2910">
    <p class='ocr_par' dir='ltr' id='par_1_7' title="bbox 39 2655 1198 2910">
     <span class='ocr_line' id='line_1_15' title="bbox 39 2655 1198 2738; baseline 0.002 -20"><span class='ocrx_word' id='word_1_134' title='bbox 39 2673 45 2684; x_wconf 80' lang='grc'><em>·</em></span> <span class='ocrx_word' id='word_1_135' title='bbox 143 2659 325 2738; x_wconf 88' lang='lat' dir='ltr'><strong>voluptatum</strong></span> <span class='ocrx_word' id='word_1_136' title='bbox 340 2657 493 2738; x_wconf 92' lang='lat' dir='ltr'><strong>potiorem.</strong></span> <span class='ocrx_word' id='word_1_137' title='bbox 539 2677 608 2737; x_wconf 92' lang='lat' dir='ltr'><strong>ergo</strong></span> <span class='ocrx_word' id='word_1_138' title='bbox 630 2657 833 2720; x_wconf 87' lang='lat' dir='ltr'><strong>crudelitatem</strong></span> <span class='ocrx_word' id='word_1_139' title='bbox 848 2655 999 2736; x_wconf 85' lang='lat' dir='ltr'><strong>principis,</strong></span> <span class='ocrx_word' id='word_1_140' title='bbox 1021 2657 1069 2718; x_wconf 91' lang='lat' dir='ltr'><strong>cui</strong></span> <span class='ocrx_word' id='word_1_141' title='bbox 1084 2661 1198 2720; x_wconf 82' lang='lat' dir='ltr'><strong>ceterae</strong></span> 
     </span>
     <span class='ocr_line' id='line_1_16' title="bbox 39 2741 1197 2823; baseline 0.002 -19"><span class='ocrx_word' id='word_1_142' title='bbox 39 2751 40 2784; x_wconf 82' lang='lat'>³</span> <span class='ocrx_word' id='word_1_143' title='bbox 143 2743 277 2806; x_wconf 87' lang='lat' dir='ltr'><strong>libidines</strong></span> <span class='ocrx_word' id='word_1_144' title='bbox 292 2743 444 2816; x_wconf 86' lang='lat' dir='ltr'><strong>cedebant,</strong></span> <span class='ocrx_word' id='word_1_145' title='bbox 460 2743 628 2823; x_wconf 88' lang='lat' dir='ltr'><strong>aggreditur</strong></span> <span class='ocrx_word' id='word_1_146' title='bbox 642 2742 800 2805; x_wconf 90' lang='lat' dir='ltr'><strong>amicitiam</strong></span> <span class='ocrx_word' id='word_1_147' title='bbox 808 2741 942 2804; x_wconf 86' lang='lat' dir='ltr'><strong>Scaevini</strong></span> <span class='ocrx_word' id='word_1_148' title='bbox 949 2741 1088 2804; x_wconf 90' lang='lat' dir='ltr'><strong>Petronio</strong></span> <span class='ocrx_word' id='word_1_149' title='bbox 1100 2744 1197 2806; x_wconf 86' lang='lat' dir='ltr'><strong>obiec-</strong></span> 
     </span>
     <span class='ocr_line' id='line_1_17' title="bbox 39 2827 1198 2910; baseline 0.002 -20"><span class='ocrx_word' id='word_1_150' title='bbox 39 2843 40 2854; x_wconf 73' lang='grc'>’</span> <span class='ocrx_word' id='word_1_151' title='bbox 142 2839 208 2890; x_wconf 88' lang='lat' dir='ltr'><strong>tans</strong></span> <span class='ocrx_word' id='word_1_152' title='bbox 219 2838 358 2910; x_wconf 89' lang='lat' dir='ltr'><strong>corrupto</strong></span> <span class='ocrx_word' id='word_1_153' title='bbox 369 2829 406 2891; x_wconf 87' lang='lat' dir='ltr'><strong>ad</strong></span> <span class='ocrx_word' id='word_1_154' title='bbox 417 2828 560 2890; x_wconf 91' lang='lat' dir='ltr'><strong>indicium</strong></span> <span class='ocrx_word' id='word_1_155' title='bbox 571 2848 655 2890; x_wconf 84' lang='lat' dir='ltr'><strong>servo</strong></span> <span class='ocrx_word' id='word_1_156' title='bbox 667 2829 861 2910; x_wconf 90' lang='lat' dir='ltr'><strong>ademptaque</strong></span> <span class='ocrx_word' id='word_1_157' title='bbox 873 2827 1043 2890; x_wconf 87' lang='lat' dir='ltr'><strong>defensione</strong></span> <span class='ocrx_word' id='word_1_158' title='bbox 1051 2837 1080 2890; x_wconf 95' lang='lat' dir='ltr'><strong>et</strong></span> <span class='ocrx_word' id='word_1_159' title='bbox 1089 2829 1198 2892; x_wconf 87' lang='lat' dir='ltr'><strong>maiore</strong></span> 
     </span>
    </p>
   </div>
   <div class='ocr_carea' id='block_1_8' title="bbox 142 2913 1198 3166">
    <p class='ocr_par' dir='ltr' id='par_1_8' title="bbox 142 2913 1198 3166">
     <span class='ocr_line' id='line_1_18' title="bbox 142 2913 1198 2995; baseline 0.001 -19"><span class='ocrx_word' id='word_1_160' title='bbox 142 2923 224 2994; x_wconf 88' lang='lat' dir='ltr'><strong>parte</strong></span> <span class='ocrx_word' id='word_1_161' title='bbox 246 2915 371 2977; x_wconf 88' lang='lat' dir='ltr'><strong>familiae</strong></span> <span class='ocrx_word' id='word_1_162' title='bbox 393 2915 425 2976; x_wconf 95' lang='lat' dir='ltr'><strong>in</strong></span> <span class='ocrx_word' id='word_1_163' title='bbox 445 2913 539 2976; x_wconf 87' lang='lat' dir='ltr'><strong>vincla</strong></span> <span class='ocrx_word' id='word_1_164' title='bbox 555 2923 648 2995; x_wconf 85' lang='lat' dir='ltr'><strong>rapta.</strong></span> <span class='ocrx_word' id='word_1_165' title='bbox 691 2914 768 2976; x_wconf 89' lang='lat' dir='ltr'><strong>forte</strong></span> <span class='ocrx_word' id='word_1_166' title='bbox 795 2913 852 2975; x_wconf 87' lang='lat' dir='ltr'><strong>illis</strong></span> <span class='ocrx_word' id='word_1_167' title='bbox 879 2913 981 2975; x_wconf 87' lang='lat' dir='ltr'><strong>diebus</strong></span> <span class='ocrx_word' id='word_1_168' title='bbox 1010 2913 1198 2995; x_wconf 85' lang='lat' dir='ltr'><strong>Campaniam</strong></span> 
     </span>
     <span class='ocr_line' id='line_1_19' title="bbox 143 2999 1198 3080; baseline 0.003 -20"><span class='ocrx_word' id='word_1_169' title='bbox 143 2999 284 3080; x_wconf 86' lang='lat' dir='ltr'><strong>petiverat</strong></span> <span class='ocrx_word' id='word_1_170' title='bbox 299 3000 414 3073; x_wconf 86' lang='lat' dir='ltr'><strong>Caesar,</strong></span> <span class='ocrx_word' id='word_1_171' title='bbox 437 3008 466 3060; x_wconf 94' lang='lat' dir='ltr'><strong>et</strong></span> <span class='ocrx_word' id='word_1_172' title='bbox 481 2999 588 3064; x_wconf 80' lang='lat' dir='ltr'><strong>Cumas</strong></span> <span class='ocrx_word' id='word_1_173' title='bbox 602 3018 696 3080; x_wconf 89' lang='lat' dir='ltr'><strong>usque</strong></span> <span class='ocrx_word' id='word_1_174' title='bbox 711 3018 881 3080; x_wconf 89' lang='lat' dir='ltr'><strong>progressus</strong></span> <span class='ocrx_word' id='word_1_175' title='bbox 896 2999 1052 3061; x_wconf 87' lang='lat' dir='ltr'><strong>Petronius</strong></span> <span class='ocrx_word' id='word_1_176' title='bbox 1073 3000 1132 3062; x_wconf 91' lang='lat' dir='ltr'><strong>illic</strong></span> <span class='ocrx_word' id='word_1_177' title='bbox 1153 3009 1198 3063; x_wconf 92' lang='lat' dir='ltr'><strong>at-</strong></span> 
     </span>
     <span class='ocr_line' id='line_1_20' title="bbox 143 3085 1198 3166; baseline 0 -20"><span class='ocrx_word' id='word_1_178' title='bbox 143 3085 300 3148; x_wconf 90' lang='lat' dir='ltr'><strong>tinebatur.</strong></span> <span class='ocrx_word' id='word_1_179' title='bbox 330 3106 386 3148; x_wconf 89' lang='lat' dir='ltr'><strong>nec</strong></span> <span class='ocrx_word' id='word_1_180' title='bbox 399 3085 467 3148; x_wconf 92' lang='lat' dir='ltr'><strong>tulit</strong></span> <span class='ocrx_word' id='word_1_181' title='bbox 481 3086 558 3147; x_wconf 90' lang='lat' dir='ltr'><strong>ultra</strong></span> <span class='ocrx_word' id='word_1_182' title='bbox 578 3085 691 3147; x_wconf 85' lang='lat' dir='ltr'><strong>timoris</strong></span> <span class='ocrx_word' id='word_1_183' title='bbox 702 3094 753 3147; x_wconf 87' lang='lat' dir='ltr'><strong>aut</strong></span> <span class='ocrx_word' id='word_1_184' title='bbox 770 3085 832 3166; x_wconf 86' lang='lat' dir='ltr'><strong>spei</strong></span> <span class='ocrx_word' id='word_1_185' title='bbox 852 3103 957 3146; x_wconf 90' lang='lat' dir='ltr'><strong>moras.</strong></span> <span class='ocrx_word' id='word_1_186' title='bbox 988 3102 1084 3166; x_wconf 90' lang='lat' dir='ltr'><strong>neque</strong></span> <span class='ocrx_word' id='word_1_187' title='bbox 1098 3094 1198 3148; x_wconf 88' lang='lat' dir='ltr'><strong>tamen</strong></span> 
     </span>
    </p>
   </div>
   <div class='ocr_carea' id='block_1_9' title="bbox 39 3170 1199 3254">
    <p class='ocr_par' dir='ltr' id='par_1_9' title="bbox 39 3170 1199 3254">
     <span class='ocr_line' id='line_1_21' title="bbox 39 3170 1199 3254; baseline 0 -21"><span class='ocrx_word' id='word_1_188' title='bbox 39 3219 40 3226; x_wconf 45' lang='lat'><strong>,</strong></span> <span class='ocrx_word' id='word_1_189' title='bbox 143 3189 281 3251; x_wconf 90' lang='lat' dir='ltr'><strong>praeceps</strong></span> <span class='ocrx_word' id='word_1_190' title='bbox 296 3171 386 3235; x_wconf 84' lang='lat' dir='ltr'><strong>vitam</strong></span> <span class='ocrx_word' id='word_1_191' title='bbox 402 3171 514 3252; x_wconf 84' lang='lat' dir='ltr'><strong>expulit</strong></span> <span class='ocrx_word' id='word_1_192' title='bbox 535 3172 587 3233; x_wconf 91' lang='lat' dir='ltr'><strong>sed</strong></span> <span class='ocrx_word' id='word_1_193' title='bbox 608 3171 715 3233; x_wconf 89' lang='lat' dir='ltr'><strong>incisas</strong></span> <span class='ocrx_word' id='word_1_194' title='bbox 737 3190 835 3243; x_wconf 84' lang='lat' dir='ltr'><strong>venas,</strong></span> <span class='ocrx_word' id='word_1_195' title='bbox 857 3180 891 3232; x_wconf 92' lang='lat' dir='ltr'><strong>ut</strong></span> <span class='ocrx_word' id='word_1_196' title='bbox 911 3170 1037 3254; x_wconf 83' lang='lat' dir='ltr'><strong>libitum,</strong></span> <span class='ocrx_word' id='word_1_197' title='bbox 1060 3171 1199 3252; x_wconf 88' lang='lat' dir='ltr'><strong>obligatas</strong></span> 
     </span>
    </p>
   </div>
   <div class='ocr_carea' id='block_1_10' title="bbox 143 3255 1200 3681">
    <p class='ocr_par' dir='ltr' id='par_1_10' title="bbox 143 3255 1200 3681">
     <span class='ocr_line' id='line_1_22' title="bbox 144 3255 1199 3338; baseline -0.002 -20"><span class='ocrx_word' id='word_1_198' title='bbox 144 3255 257 3337; x_wconf 86' lang='lat' dir='ltr'><strong>aperire</strong></span> <span class='ocrx_word' id='word_1_199' title='bbox 273 3275 391 3319; x_wconf 90' lang='lat' dir='ltr'><strong>rursum</strong></span> <span class='ocrx_word' id='word_1_200' title='bbox 407 3266 436 3319; x_wconf 90' lang='lat' dir='ltr'><strong>et</strong></span> <span class='ocrx_word' id='word_1_201' title='bbox 451 3257 559 3337; x_wconf 88' lang='lat' dir='ltr'><strong>alloqui</strong></span> <span class='ocrx_word' id='word_1_202' title='bbox 574 3257 692 3330; x_wconf 90' lang='lat' dir='ltr'><strong>amicos,</strong></span> <span class='ocrx_word' id='word_1_203' title='bbox 716 3275 777 3318; x_wconf 93' lang='lat' dir='ltr'><strong>non</strong></span> <span class='ocrx_word' id='word_1_204' title='bbox 791 3276 846 3337; x_wconf 90' lang='lat' dir='ltr'><strong>per</strong></span> <span class='ocrx_word' id='word_1_205' title='bbox 859 3255 934 3318; x_wconf 90' lang='lat' dir='ltr'><strong>seria</strong></span> <span class='ocrx_word' id='word_1_206' title='bbox 950 3265 1001 3318; x_wconf 93' lang='lat' dir='ltr'><strong>aut</strong></span> <span class='ocrx_word' id='word_1_207' title='bbox 1015 3257 1122 3336; x_wconf 88' lang='lat' dir='ltr'><strong>quibus</strong></span> <span class='ocrx_word' id='word_1_208' title='bbox 1137 3257 1199 3338; x_wconf 88' lang='lat' dir='ltr'><strong>glo-</strong></span> 
     </span>
     <span class='ocr_line' id='line_1_23' title="bbox 143 3341 1199 3424; baseline 0 -20"><span class='ocrx_word' id='word_1_209' title='bbox 143 3342 217 3406; x_wconf 88' lang='lat' dir='ltr'><strong>riam</strong></span> <span class='ocrx_word' id='word_1_210' title='bbox 229 3343 411 3406; x_wconf 88' lang='lat' dir='ltr'><strong>constantiae</strong></span> <span class='ocrx_word' id='word_1_211' title='bbox 422 3351 544 3424; x_wconf 89' lang='lat' dir='ltr'><strong>peteret.</strong></span> <span class='ocrx_word' id='word_1_212' title='bbox 568 3343 763 3422; x_wconf 91' lang='lat' dir='ltr'><strong>audiebatque</strong></span> <span class='ocrx_word' id='word_1_213' title='bbox 774 3343 933 3404; x_wconf 89' lang='lat' dir='ltr'><strong>referentes</strong></span> <span class='ocrx_word' id='word_1_214' title='bbox 945 3341 1019 3402; x_wconf 89' lang='lat' dir='ltr'><strong>nibil</strong></span> <span class='ocrx_word' id='word_1_215' title='bbox 1031 3342 1199 3404; x_wconf 90' lang='lat' dir='ltr'><strong>deimmor·</strong></span> 
     </span>
     <span class='ocr_line' id='line_1_24' title="bbox 143 3427 1200 3510; baseline -0.001 -20"><span class='ocrx_word' id='word_1_216' title='bbox 143 3429 254 3490; x_wconf 89' lang='lat' dir='ltr'><strong>talitate</strong></span> <span class='ocrx_word' id='word_1_217' title='bbox 269 3429 360 3490; x_wconf 92' lang='lat' dir='ltr'><strong>animi</strong></span> <span class='ocrx_word' id='word_1_218' title='bbox 373 3438 405 3490; x_wconf 89' lang='lat' dir='ltr'><strong>et</strong></span> <span class='ocrx_word' id='word_1_219' title='bbox 419 3429 598 3510; x_wconf 87' lang='lat' dir='ltr'><strong>sapientium</strong></span> <span class='ocrx_word' id='word_1_220' title='bbox 612 3427 734 3509; x_wconf 89' lang='lat' dir='ltr'><strong>placitis,</strong></span> <span class='ocrx_word' id='word_1_221' title='bbox 757 3429 809 3490; x_wconf 88' lang='lat' dir='ltr'><strong>sed</strong></span> <span class='ocrx_word' id='word_1_222' title='bbox 825 3427 897 3489; x_wconf 84' lang='lat' dir='ltr'><strong>levia</strong></span> <span class='ocrx_word' id='word_1_223' title='bbox 913 3427 1043 3491; x_wconf 91' lang='lat' dir='ltr'><strong>carmina</strong></span> <span class='ocrx_word' id='word_1_224' title='bbox 1057 3436 1087 3490; x_wconf 89' lang='lat' dir='ltr'><strong>et</strong></span> <span class='ocrx_word' id='word_1_225' title='bbox 1101 3427 1200 3490; x_wconf 78' lang='lat' dir='ltr'><strong>faciles</strong></span> 
     </span>
     <span class='ocr_line' id='line_1_25' title="bbox 143 3513 1199 3595; baseline 0.001 -22"><span class='ocrx_word' id='word_1_226' title='bbox 143 3532 254 3576; x_wconf 84' lang='lat' dir='ltr'><strong>sersus.</strong></span> <span class='ocrx_word' id='word_1_227' title='bbox 277 3533 430 3576; x_wconf 82' lang='lat' dir='ltr'><strong>servorum</strong></span> <span class='ocrx_word' id='word_1_228' title='bbox 446 3514 518 3576; x_wconf 88' lang='lat' dir='ltr'><strong>alios</strong></span> <span class='ocrx_word' id='word_1_229' title='bbox 532 3514 701 3595; x_wconf 87' lang='lat' dir='ltr'><strong>largitione,</strong></span> <span class='ocrx_word' id='word_1_230' title='bbox 731 3514 874 3594; x_wconf 90' lang='lat' dir='ltr'><strong>quosdam</strong></span> <span class='ocrx_word' id='word_1_231' title='bbox 901 3513 1071 3576; x_wconf 82' lang='lat' dir='ltr'><strong>verberibus</strong></span> <span class='ocrx_word' id='word_1_232' title='bbox 1096 3515 1199 3577; x_wconf 87' lang='lat' dir='ltr'><strong>affecit.</strong></span> 
     </span>
     <span class='ocr_line' id='line_1_26' title="bbox 143 3599 1199 3681; baseline 0.001 -22"><span class='ocrx_word' id='word_1_233' title='bbox 143 3599 209 3660; x_wconf 89' lang='lat' dir='ltr'><strong>iniit</strong></span> <span class='ocrx_word' id='word_1_234' title='bbox 223 3600 333 3681; x_wconf 88' lang='lat' dir='ltr'><strong>epulas,</strong></span> <span class='ocrx_word' id='word_1_235' title='bbox 348 3619 454 3664; x_wconf 90' lang='lat' dir='ltr'><strong>somno</strong></span> <span class='ocrx_word' id='word_1_236' title='bbox 468 3600 598 3674; x_wconf 87' lang='lat' dir='ltr'><strong>indulsit,</strong></span> <span class='ocrx_word' id='word_1_237' title='bbox 619 3609 653 3662; x_wconf 89' lang='lat' dir='ltr'><strong>nt</strong></span> <span class='ocrx_word' id='word_1_238' title='bbox 668 3618 837 3680; x_wconf 89' lang='lat' dir='ltr'><strong>quanquam</strong></span> <span class='ocrx_word' id='word_1_239' title='bbox 853 3609 952 3661; x_wconf 88' lang='lat' dir='ltr'><strong>coacta</strong></span> <span class='ocrx_word' id='word_1_240' title='bbox 967 3619 1047 3662; x_wconf 89' lang='lat' dir='ltr'><strong>mors</strong></span> <span class='ocrx_word' id='word_1_241' title='bbox 1061 3599 1199 3662; x_wconf 83' lang='lat' dir='ltr'><strong>fortuitae</strong></span> 
     </span>
    </p>
   </div>
   <div class='ocr_carea' id='block_1_11' title="bbox 39 3685 1199 3766">
    <p class='ocr_par' dir='ltr' id='par_1_11' title="bbox 39 3685 1199 3766">
     <span class='ocr_line' id='line_1_27' title="bbox 39 3685 1199 3766; baseline 0.002 -21"><span class='ocrx_word' id='word_1_242' title='bbox 39 3733 40 3736; x_wconf 63' lang='lat'><strong>,</strong></span> <span class='ocrx_word' id='word_1_243' title='bbox 144 3685 244 3747; x_wconf 85' lang='lat' dir='ltr'><strong>similis</strong></span> <span class='ocrx_word' id='word_1_244' title='bbox 259 3695 346 3748; x_wconf 88' lang='lat' dir='ltr'><strong>esset.</strong></span> <span class='ocrx_word' id='word_1_245' title='bbox 376 3707 414 3749; x_wconf 91' lang='lat' dir='ltr'><strong>ne</strong></span> <span class='ocrx_word' id='word_1_246' title='bbox 434 3686 577 3748; x_wconf 89' lang='lat' dir='ltr'><strong>codicillis</strong></span> <span class='ocrx_word' id='word_1_247' title='bbox 592 3686 722 3766; x_wconf 89' lang='lat' dir='ltr'><strong>quidem,</strong></span> <span class='ocrx_word' id='word_1_248' title='bbox 745 3685 825 3766; x_wconf 93' lang='lat' dir='ltr'><strong>quod</strong></span> <span class='ocrx_word' id='word_1_249' title='bbox 846 3685 979 3766; x_wconf 89' lang='lat' dir='ltr'><strong>plerique</strong></span> <span class='ocrx_word' id='word_1_250' title='bbox 999 3685 1199 3766; x_wconf 89' lang='lat' dir='ltr'><strong>pereuntium,</strong></span> 
     </span>
    </p>
   </div>
   <div class='ocr_carea' id='block_1_12' title="bbox 144 3769 1199 4098">
    <p class='ocr_par' dir='ltr' id='par_1_12' title="bbox 144 3769 1199 3854">
     <span class='ocr_line' id='line_1_28' title="bbox 144 3769 1199 3854; baseline 0.003 -23"><span class='ocrx_word' id='word_1_251' title='bbox 144 3769 292 3833; x_wconf 88' lang='lat' dir='ltr'><strong>Neronem</strong></span> <span class='ocrx_word' id='word_1_252' title='bbox 308 3782 359 3835; x_wconf 89' lang='lat' dir='ltr'><strong>aut</strong></span> <span class='ocrx_word' id='word_1_253' title='bbox 379 3773 555 3851; x_wconf 88' lang='lat' dir='ltr'><strong>Tigellinum</strong></span> <span class='ocrx_word' id='word_1_254' title='bbox 577 3782 628 3834; x_wconf 92' lang='lat' dir='ltr'><strong>aut</strong></span> <span class='ocrx_word' id='word_1_255' title='bbox 655 3791 744 3854; x_wconf 90' lang='lat' dir='ltr'><strong>quem</strong></span> <span class='ocrx_word' id='word_1_256' title='bbox 766 3770 857 3833; x_wconf 87' lang='lat' dir='ltr'><strong>alium</strong></span> <span class='ocrx_word' id='word_1_257' title='bbox 877 3769 1044 3851; x_wconf 88' lang='lat' dir='ltr'><strong>potentium</strong></span> <span class='ocrx_word' id='word_1_258' title='bbox 1065 3771 1199 3834; x_wconf 87' lang='lat' dir='ltr'><strong>adulatus</strong></span> 
     </span>
    </p>

    <p class='ocr_par' dir='ltr' id='par_1_13' title="bbox 146 3857 1199 3939">
     <span class='ocr_line' id='line_1_29' title="bbox 146 3857 1199 3939; baseline 0.002 -22"><span class='ocrx_word' id='word_1_259' title='bbox 146 3864 197 3930; x_wconf 90' lang='lat' dir='ltr'><strong>est,</strong></span> <span class='ocrx_word' id='word_1_260' title='bbox 212 3857 264 3918; x_wconf 88' lang='lat' dir='ltr'><strong>sed</strong></span> <span class='ocrx_word' id='word_1_261' title='bbox 279 3857 384 3938; x_wconf 88' lang='lat' dir='ltr'><strong>flagitia</strong></span> <span class='ocrx_word' id='word_1_262' title='bbox 400 3857 540 3939; x_wconf 86' lang='lat' dir='ltr'><strong>principis</strong></span> <span class='ocrx_word' id='word_1_263' title='bbox 554 3860 609 3920; x_wconf 86' lang='lat' dir='ltr'><strong>sub</strong></span> <span class='ocrx_word' id='word_1_264' title='bbox 619 3857 789 3920; x_wconf 87' lang='lat' dir='ltr'><strong>nominibus</strong></span> <span class='ocrx_word' id='word_1_265' title='bbox 804 3858 985 3919; x_wconf 85' lang='lat' dir='ltr'><strong>exoletorum</strong></span> <span class='ocrx_word' id='word_1_266' title='bbox 1005 3857 1199 3919; x_wconf 90' lang='lat' dir='ltr'><strong>feminarum·</strong></span> 
     </span>
    </p>

    <p class='ocr_par' dir='ltr' id='par_1_14' title="bbox 145 3943 1198 4098">
     <span class='ocr_line' id='line_1_30' title="bbox 145 3943 1198 4026; baseline 0.001 -21"><span class='ocrx_word' id='word_1_267' title='bbox 145 3961 200 4022; x_wconf 87' lang='lat' dir='ltr'><strong>que</strong></span> <span class='ocrx_word' id='word_1_268' title='bbox 221 3952 252 4004; x_wconf 90' lang='lat' dir='ltr'><strong>et</strong></span> <span class='ocrx_word' id='word_1_269' title='bbox 274 3943 433 4006; x_wconf 83' lang='lat' dir='ltr'><strong>novitatem</strong></span> <span class='ocrx_word' id='word_1_270' title='bbox 456 3944 597 4024; x_wconf 86' lang='lat' dir='ltr'><strong>cuiusque</strong></span> <span class='ocrx_word' id='word_1_271' title='bbox 616 3945 710 4025; x_wconf 89' lang='lat' dir='ltr'><strong>stupri</strong></span> <span class='ocrx_word' id='word_1_272' title='bbox 739 3943 908 4026; x_wconf 82' lang='lat' dir='ltr'><strong>perscripsit</strong></span> <span class='ocrx_word' id='word_1_273' title='bbox 937 3950 1026 4022; x_wconf 88' lang='lat' dir='ltr'><strong>atque</strong></span> <span class='ocrx_word' id='word_1_274' title='bbox 1048 3943 1198 4022; x_wconf 88' lang='lat' dir='ltr'><strong>obsignata</strong></span> 
     </span>
     <span class='ocr_line' id='line_1_31' title="bbox 183 4041 1004 4098; baseline 0 -12"><span class='ocrx_word' id='word_1_275' title='bbox 183 4043 278 4086; x_wconf 79' lang='lat' dir='ltr'><strong>Petronii</strong></span> <span class='ocrx_word' id='word_1_276' title='bbox 291 4045 368 4086; x_wconf 72' lang='lat' dir='ltr'><strong>saurae</strong></span> <span class='ocrx_word' id='word_1_277' title='bbox 388 4041 421 4086; x_wconf 82' lang='lat' dir='ltr'><strong>ed.</strong></span> <span class='ocrx_word' id='word_1_278' title='bbox 435 4041 455 4086; x_wconf 92' lang='lat'><strong>11</strong></span> <span class='ocrx_word' id='word_1_279' title='bbox 992 4048 1004 4098; x_wconf 83' lang='lat'>1</span> 
     </span>
    </p>
   </div>
   <div class='ocr_carea' id='block_1_13' title="bbox 0 0 1443 4344">
    <p class='ocr_par' dir='ltr' id='par_1_15' title="bbox 0 0 1443 4344">
     <span class='ocr_line' id='line_1_32' title="bbox 0 0 1443 4344; baseline 0 0"><span class='ocrx_word' id='word_1_280' title='bbox 0 0 1443 4344; x_wconf 95' lang='lat' dir='ltr'><strong> </strong></span> 
     </span>
    </p>
   </div>
  </div>
 </body>
</html>
