2864 4344
653 981 673 1018 θ

71 1109 117 1162 Lo
223 1107 307 1164 ‘num
324 1099 380 1162 alio
394 1117 502 1180 genere
517 1099 662 1164 lunianum
685 1101 895 1162 declamatores
910 1097 1123 1179 inquietantur,
1148 1099 1199 1182 qui
1218 1102 1240 1163 1-

134 1187 280 1252 clamant:
294 1185 387 1246 “haec
397 1183 517 1252 vulnera
528 1203 583 1266 pro
594 1183 729 1247 libertate
735 1183 851 1267 publica
859 1183 958 1266 excepi
968 1205 976 1262 3
987 1186 1068 1248 hunc
1078 1187 1197 1250 oculum

134 1292 191 1356 pro
212 1271 296 1334 vobis
314 1269 461 1350 impendi:
485 1270 552 1332 date
571 1269 643 1332 mihi
662 1271 777 1344 ducem,
793 1269 844 1352 qui
862 1289 911 1331 mc
930 1270 1016 1336 ducat
1035 1271 1071 1333 ad
1090 1271 1197 1334 liberos

135 1378 227 1433 meos,
251 1375 321 1421 nam
335 1353 440 1418 succisi
462 1355 587 1436 poplites
602 1357 734 1418 membra
750 1375 811 1418 non
827 1351 1018 1418 sustinend'?
1040 1355 1112 1423 haec
1134 1356 1196 1438 ipsa

100 1457 116 1508 5
133 1441 297 1507 tolerabilia
314 1450 422 1513 essent,
444 1439 468 1502 si
484 1440 520 1502 ad
537 1441 736 1522 eloquentiam
750 1436 1084 1526 iturisiviamiiaoercnl.
1117 1461 1198 1506 nunc

134 1540 166 1593 et
178 1547 280 1592 rerum
295 1535 415 1589 tumore
430 1533 459 1588 et
475 1527 690 1590 sententiarum
705 1527 864 1589 vanissimo
876 1527 1002 1608 strepitu
1012 1527 1068 1590 boc
1079 1536 1197 1590 tantum

133 1614 302 1698 proliciunt,
317 1622 352 1675 ut
367 1629 435 1676 cum
450 1612 482 1674 in
496 1613 595 1674 lorum
612 1613 756 1687 venerint,
772 1620 879 1694 putent
893 1632 925 1674 se
939 1613 971 1674 in
986 1613 1077 1676 alium
1093 1615 1196 1676 orbern

133 1712 283 1764 terrarum
299 1697 418 1760 delatos.
449 1706 479 1760 et
492 1697 559 1760 ideo
575 1716 628 1780 ego
643 1697 879 1760 adulescentulos
893 1697 1029 1760 existimo
1044 1699 1075 1761 in
1090 1697 1198 1776 scholis

134 1784 324 1850 stultissimos
345 1783 418 1856 fieri,
441 1783 509 1864 quia
530 1783 604 1846 nihil
625 1803 660 1844 ox
681 1783 736 1858 his,
759 1802 834 1866 quae
848 1783 881 1844 in
895 1803 951 1846 usu
973 1784 1124 1857 babemus,
1147 1791 1199 1846 aut

87 1889 117 1940 10
135 1871 262 1935 audiunt
284 1877 335 1932 aut
349 1868 465 1943 vident,
487 1869 539 1930 sed
560 1867 669 1950 piratas
692 1888 760 1931 cum
782 1869 893 1932 catenis
915 1869 947 1931 in
968 1869 1054 1932 litore
1076 1879 1198 1942 stantes,

135 1959 188 2020 sed
203 1966 346 2037 tyrannos
361 1953 454 2016 edicta
470 1953 641 2028 scribentes,
664 1955 770 2036 quibus
784 1953 931 2038 imperent
951 1954 1018 2018 filiis
1033 1963 1065 2017 ut
1079 1958 1199 2036 patrum

20 2069 28 2078 ·
136 2060 263 2106 snorum
278 2040 373 2122 'capita
388 2039 568 2120 praecidant,
583 2041 635 2102 sed
650 2059 790 2122 responsa
804 2041 837 2102 in
852 2040 1050 2123 pestilentiam
1065 2042 1142 2115 data,
1166 2049 1199 2102 ut

69 2157 71 2167 ·
132 2117 265 2210 ‘virgines
278 2135 340 2190 tres
356 2134 407 2188 aut
421 2126 521 2206 plures
536 2125 737 2200 immolentur,
753 2126 805 2189 sed
820 2127 947 2190 mellitos
962 2127 1120 2189 verborum
1135 2127 1198 2207 glo·
1347 2171 1352 2187 .

136 2215 223 2278 bulos
239 2222 269 2274 et
283 2212 382 2274 omnia
398 2211 475 2274 dicta
490 2211 625 2294 iactaque
640 2212 723 2298 quasi
737 2231 883 2294 papavere
906 2220 936 2274 et
953 2230 1068 2275 sesamo
1090 2230 1198 2293 sparsa.
1234 2219 1238 2228 '
1254 2177 1307 2264 ab
1317 2207 1369 2242 *⁴*
1385 2198 1424 2220 W

88 2311 118 2364 15
137 2301 189 2381 quui
210 2299 291 2360 inter
311 2297 384 2360 hacc
405 2296 594 2370 nutriuntur,
621 2315 683 2361 non
704 2298 796 2380 magis
818 2316 921 2380 sapere
942 2304 1083 2379 possunt,
1110 2316 1201 2378 quam
1216 2306 1330 2368 μ’·
1344 2289 1413 2358 “17⁴

136 2388 215 2448 bene
237 2382 325 2456 olere,
348 2380 397 2464 qui
419 2383 571 2461 mmm-lma
592 2381 735 2446 habitant.
765 2402 837 2463 pace
858 2390 953 2446 vestra
975 2383 1060 2446 liccat
1081 2381 1198 2456 dixisse,
1217 2419 1254 2431 ω
1279 2367 1348 2458 5³¹7

137 2469 226 2552 p'n'mi
241 2468 376 2531 omnium
391 2467 589 2550 eloquentiam
604 2468 780 2549 perdidistis.
799 2467 922 2531 levibus
937 2467 1016 2530 enim
1031 2477 1120 2554 atque
1133 2467 1199 2533 in'a-

138 2556 226 2618 nibus
255 2553 336 2616 sonis
360 2553 485 2616 ludibria
511 2554 655 2634 quaedam
677 2553 830 2615 excitando
860 2553 1009 2627 effecistis,
1035 2562 1069 2615 ut
1094 2571 1200 2635 corpus
1284 2596 1286 2602 ·

139 2640 281 2704 orationis
296 2647 487 2701 enervaretur
500 2647 530 2702 et
545 2639 670 2701 caderet.
700 2639 835 2701 nondum
847 2638 967 2701 iuvenes
979 2635 1199 2701 declamationi-

89 2737 121 2790 20
138 2729 195 2790 bus
218 2725 463 2799 continebantur,
494 2743 562 2787 cum
584 2723 744 2806 Sophocles
774 2731 824 2786 aut
846 2724 1000 2806 Euripides
1022 2722 1200 2786 invenerunt

139 2813 238 2885 verba,
254 2811 360 2892 quibus
376 2810 518 2873 deberent
533 2809 622 2892 loqui.
654 2811 788 2872 nondum
803 2810 985 2874 umbraticus
1001 2811 1103 2872 doctor
1116 2807 1199 2890 inge·

140 2898 189 2960 nia
206 2897 361 2972 deleverat,
378 2915 446 2959 cum
461 2896 607 2958 Pindarus
621 2913 787 2976 novemque
802 2895 812 2958 l
825 2895 883 2980 rici
894 2893 1057 2961 Homericis
1068 2895 1201 2960 versibus
1318 2954 1321 2960 Δ

141 3002 248 3046 canere
263 2982 436 3045 timuerunt.
468 2991 660 3064 etnepoetas
674 2915 1090 3066 [qmrlmrriadtestimonlum
1102 2981 1204 3054 citam,-
1225 3001 1244 3028 o
1266 2996 1270 3002 ·
1303 2991 1334 3065 “a
1348 2978 1377 3057 ,ᾖ
1399 3024 1423 3048 .,

141 3077 222 3132 certe
236 3067 470 3149 nequo-Platona
486 3085 583 3148 neque
597 3067 817 3130 Demosthenen
838 3067 876 3130 ad
897 3067 953 3130 hoc
973 3084 1066 3148 genus
1089 3061 1216 3154 euerci-¹
1236 3057 1280 3086 ”’”“’

131 3299 133 3304 ,
210 3257 339 3311 Adaeum
354 3253 466 3308 codicum
482 3253 680 3324 discrepantiam
696 3259 840 3306 meinorato
857 3253 1043 3324 depaismmam.
1067 3257 1202 3326 seripturis

141 3330 246 3447 pugeio
252 3327 388 3446 chwtppo
367 3323 484 3445 &snm
492 3323 621 3408 petendae
623 3323 851 3460 ‘gomphos
862 3337 915 3442 no}
923 3326 1038 3444 ⁷3qu
1048 3325 1201 3444 vetustiora,

140 3403 607 3454 amnanau',.eo
784 3407 807 3444 u
1001 3407 1202 3444 commonas-

141 3467 206 3530 deat,
229 3480 288 3516 omn
296 3461 367 3514 Scal'
422 3407 548 3528 caim
557 3477 641 3527 gerru
656 3461 780 3513 boreum
790 3409 927 3527 alffius
941 3460 1112 3526 adhibuerint,
1128 3477 1204 3531 saepe

141 3536 189 3585 otc
199 3532 310 3600 damus
321 3534 349 3582 ia
395 3529 457 3596 qnid
467 3529 594 3584 aradum
603 3532 691 3599 fcerit
709 3532 859 3596 amicatus.
884 3530 1015 3586 maleam
1030 3529 1123 3585 utem
1139 3547 1203 3597 puae

143 3602 273 3672 lafrautem,
285 3599 376 3654 derunt
387 3601 415 3652 io
425 3597 708 3668 collimitat-limeris&
723 3597 828 3654 laeuam
845 3597 959 3652 abdicem
975 3598 1062 3666 alapiae
1078 3599 1205 3656 euroeam

143 3672 302 3724 matertera
313 3671 429 3720 testatas.
620 3719 622 3726 ,
674 3671 675 3682 ’

214 3740 242 3794 11
258 3737 311 3804 eod]
324 3744 351 3789 et
374 3734 384 3806 11
410 3738 440 3792 15
451 3737 514 3790 boec
526 3741 623 3788 tantun
635 3736 783 3789 nutriuntur
794 3738 916 3803 excerpta
928 3735 1019 3788 codicia
1028 3736 1149 3789 Paaa'atoa'
1157 3735 1202 3796 lat.

147 3805 211 3858 7647
223 3805 233 3875 11
249 3805 278 3857 11
302 3821 398 3858 omnem
414 3803 494 3857 codex
512 3805 648 3856 demenso
661 3803 670 3874 11
683 3805 715 3856 20
732 3813 807 3872 atque
821 3804 940 3870 Henetus
951 3801 961 3872 1
974 3805 1007 3856 22
1020 3804 1204 3860 debilitarent
1220 3839 1222 3846 ι

145 3873 278 3944 Hecataei!
292 3875 323 3926 23
341 3873 424 3928 solnm
437 3890 485 3944 pro
498 3874 597 3943 quiden
614 3875 785 3926 mestitutam
801 3873 900 3925 soeculo
918 3873 973 3926 XV
970 3873 987 3924 1
1034 3871 1041 3888 ⁸
