<?xml version="1.0" encoding="UTF-8"?>
<!DOCTYPE html PUBLIC "-//W3C//DTD XHTML 1.0 Transitional//EN"
    "http://www.w3.org/TR/xhtml1/DTD/xhtml1-transitional.dtd">
<html xmlns="http://www.w3.org/1999/xhtml" xml:lang="en" lang="en">
 <head>
  <title>
</title>
<meta http-equiv="Content-Type" content="text/html;charset=utf-8" />
  <meta name='ocr-system' content='tesseract 3.04.00' />
  <meta name='ocr-capabilities' content='ocr_page ocr_carea ocr_par ocr_line ocrx_word'/>
</head>
<body>
  <div class='ocr_page' id='page_1' title='image "./satiraeetliberp00buecgoog_0115.png"; bbox 0 0 2860 4340; ppageno 0'>
   <div class='ocr_carea' id='block_1_1' title="bbox 220 51 821 120">
    <p class='ocr_par' dir='ltr' id='par_1_1' title="bbox 220 51 821 120">
     <span class='ocr_line' id='line_1_1' title="bbox 220 51 821 120; baseline -0.025 -1"><span class='ocrx_word' id='word_1_1' title='bbox 220 55 280 120; x_wconf 74' lang='lat'>104</span> <span class='ocrx_word' id='word_1_2' title='bbox 317 104 323 118; x_wconf 84' lang='lat'>.</span> <span class='ocrx_word' id='word_1_3' title='bbox 666 51 821 106; x_wconf 85' lang='lat' dir='ltr'>rnrnoun</span> 
     </span>
    </p>
   </div>
   <div class='ocr_carea' id='block_1_2' title="bbox 149 196 1407 2059">
    <p class='ocr_par' dir='ltr' id='par_1_2' title="bbox 150 196 1407 1660">
     <span class='ocr_line' id='line_1_2' title="bbox 218 196 1407 292; baseline 0.004 -20"><span class='ocrx_word' id='word_1_4' title='bbox 218 210 297 292; x_wconf 93' lang='lat' dir='ltr'>quod</span> <span class='ocrx_word' id='word_1_5' title='bbox 312 209 482 272; x_wconf 86' lang='lat' dir='ltr'>verberatus</span> <span class='ocrx_word' id='word_1_6' title='bbox 498 227 575 282; x_wconf 88' lang='lat' dir='ltr'>sum,</span> <span class='ocrx_word' id='word_1_7' title='bbox 592 206 709 285; x_wconf 89' lang='lat' dir='ltr'>nescio;</span> <span class='ocrx_word' id='word_1_8' title='bbox 735 209 815 290; x_wconf 92' lang='lat' dir='ltr'>quod</span> <span class='ocrx_word' id='word_1_9' title='bbox 837 208 948 271; x_wconf 88' lang='lat' dir='ltr'>eiectas</span> <span class='ocrx_word' id='word_1_10' title='bbox 970 229 1047 282; x_wconf 87' lang='lat' dir='ltr'>sum,</span> <span class='ocrx_word' id='word_1_11' title='bbox 1074 211 1170 273; x_wconf 92' lang='lat' dir='ltr'>lusum</span> <span class='ocrx_word' id='word_1_12' title='bbox 1188 217 1279 292; x_wconf 86' lang='lat' dir='ltr'>puto.</span> <span class='ocrx_word' id='word_1_13' title='bbox 1300 217 1320 270; x_wconf 82' lang='lat'>1.</span> <span class='ocrx_word' id='word_1_14' title='bbox 1401 196 1407 277; x_wconf 47' lang='lat' dir='ltr'>fis</span> 
     </span>
     <span class='ocr_line' id='line_1_3' title="bbox 219 289 1403 374; baseline -0.009 -15"><span class='ocrx_word' id='word_1_15' title='bbox 219 296 307 359; x_wconf 92' lang='lat' dir='ltr'>modo</span> <span class='ocrx_word' id='word_1_16' title='bbox 323 297 421 358; x_wconf 90' lang='lat' dir='ltr'>redire</span> <span class='ocrx_word' id='word_1_17' title='bbox 434 295 467 356; x_wconf 95' lang='lat' dir='ltr'>in</span> <span class='ocrx_word' id='word_1_18' title='bbox 481 293 604 374; x_wconf 80' lang='lat' dir='ltr'><strong>gratiam</strong></span> <span class='ocrx_word' id='word_1_19' title='bbox 621 292 713 357; x_wconf 85' lang='lat' dir='ltr'>liceat’</span> <span class='ocrx_word' id='word_1_20' title='bbox 784 289 787 297; x_wconf 84' lang='lat'>&#39;</span> <span class='ocrx_word' id='word_1_21' title='bbox 1402 307 1403 311; x_wconf 47' lang='lat'>¹</span> 
     </span>
     <span class='ocr_line' id='line_1_4' title="bbox 730 399 1259 444; baseline 0 0"><span class='ocrx_word' id='word_1_22' title='bbox 730 399 772 440; x_wconf 72' lang='lat' dir='ltr'>a.</span> <span class='ocrx_word' id='word_1_23' title='bbox 1254 429 1259 444; x_wconf 93' lang='lat'>.</span> 
     </span>
     <span class='ocr_line' id='line_1_5' title="bbox 150 465 1283 550; baseline -0.004 -16"><span class='ocrx_word' id='word_1_24' title='bbox 150 470 209 534; x_wconf 84' lang='grc'>139</span> <span class='ocrx_word' id='word_1_25' title='bbox 302 473 404 528; x_wconf 85' lang='lat' dir='ltr'>torum</span> <span class='ocrx_word' id='word_1_26' title='bbox 415 465 563 547; x_wconf 86' lang='lat' dir='ltr'>frequenti</span> <span class='ocrx_word' id='word_1_27' title='bbox 577 465 753 527; x_wconf 81' lang='lat' dir='ltr'>tractatione</span> <span class='ocrx_word' id='word_1_28' title='bbox 768 465 868 526; x_wconf 83' lang='lat' dir='ltr'>vexavi</span> <span class='ocrx_word' id='word_1_29' title='bbox 884 466 993 535; x_wconf 87' lang='lat' dir='ltr'>amoris</span> <span class='ocrx_word' id='word_1_30' title='bbox 1009 467 1067 528; x_wconf 91' lang='lat' dir='ltr'>mei</span> <span class='ocrx_word' id='word_1_31' title='bbox 1083 468 1166 548; x_wconf 88' lang='lat' dir='ltr'>quasi</span> <span class='ocrx_word' id='word_1_32' title='bbox 1182 487 1283 550; x_wconf 91' lang='lat' dir='ltr'>quan-</span> 
     </span>
     <span class='ocr_line' id='line_1_6' title="bbox 220 550 457 632; baseline -0.004 -18"><span class='ocrx_word' id='word_1_33' title='bbox 220 553 286 616; x_wconf 89' lang='lat' dir='ltr'>dam</span> <span class='ocrx_word' id='word_1_34' title='bbox 301 550 457 632; x_wconf 86' lang='lat' dir='ltr'>imaginem</span> 
     </span>
     <span class='ocr_line' id='line_1_7' title="bbox 733 655 1027 690; baseline 0 -8"><span class='ocrx_word' id='word_1_35' title='bbox 733 655 752 690; x_wconf 72' lang='lat' dir='ltr'>qr,-</span> <span class='ocrx_word' id='word_1_36' title='bbox 1026 677 1027 682; x_wconf 73' lang='grc'>,</span> 
     </span>
     <span class='ocr_line' id='line_1_8' title="bbox 368 720 1315 801; baseline 0.003 -17"><span class='ocrx_word' id='word_1_37' title='bbox 368 729 444 792; x_wconf 80' lang='lat' dir='ltr'>‚‘non</span> <span class='ocrx_word' id='word_1_38' title='bbox 461 724 556 785; x_wconf 89' lang='lat' dir='ltr'>solum</span> <span class='ocrx_word' id='word_1_39' title='bbox 572 740 621 784; x_wconf 89' lang='lat' dir='ltr'>me</span> <span class='ocrx_word' id='word_1_40' title='bbox 637 739 749 783; x_wconf 85' lang='lat' dir='ltr'>numen</span> <span class='ocrx_word' id='word_1_41' title='bbox 766 728 795 781; x_wconf 89' lang='lat' dir='ltr'>et</span> <span class='ocrx_word' id='word_1_42' title='bbox 809 720 990 801; x_wconf 80' lang='lat' dir='ltr'>implacabile</span> <span class='ocrx_word' id='word_1_43' title='bbox 1004 723 1098 786; x_wconf 85' lang='lat' dir='ltr'>fatum</span> <span class='ocrx_word' id='word_1_44' title='bbox 1301 738 1315 786; x_wconf 89' lang='lat'>5</span> 
     </span>
     <span class='ocr_line' id='line_1_9' title="bbox 334 805 1074 890; baseline 0 -19"><span class='ocrx_word' id='word_1_45' title='bbox 334 822 338 830; x_wconf 89' lang='grc'><strong><em>’</em></strong></span> <span class='ocrx_word' id='word_1_46' title='bbox 382 808 579 890; x_wconf 79' lang='lat' dir='ltr'>persequitur.</span> <span class='ocrx_word' id='word_1_47' title='bbox 609 807 692 887; x_wconf 89' lang='lat' dir='ltr'>prius</span> <span class='ocrx_word' id='word_1_48' title='bbox 707 805 825 868; x_wconf 87' lang='lat' dir='ltr'>Inachia</span> <span class='ocrx_word' id='word_1_49' title='bbox 840 807 1011 887; x_wconf 82' lang='lat' dir='ltr'>Tirynthius</span> <span class='ocrx_word' id='word_1_50' title='bbox 1024 829 1074 871; x_wconf 92' lang='lat' dir='ltr'>ora</span> 
     </span>
     <span class='ocr_line' id='line_1_10' title="bbox 385 890 1068 974; baseline -0.004 -16"><span class='ocrx_word' id='word_1_51' title='bbox 385 896 547 974; x_wconf 83' lang='lat' dir='ltr'>exagitatus</span> <span class='ocrx_word' id='word_1_52' title='bbox 563 911 639 954; x_wconf 90' lang='lat' dir='ltr'>onus</span> <span class='ocrx_word' id='word_1_53' title='bbox 655 894 723 954; x_wconf 90' lang='lat' dir='ltr'>caeli</span> <span class='ocrx_word' id='word_1_54' title='bbox 739 890 817 964; x_wconf 87' lang='lat' dir='ltr'>tulit,</span> <span class='ocrx_word' id='word_1_55' title='bbox 830 900 898 954; x_wconf 89' lang='lat' dir='ltr'>ante</span> <span class='ocrx_word' id='word_1_56' title='bbox 914 895 1068 972; x_wconf 82' lang='lat' dir='ltr'>profanam</span> 
     </span>
     <span class='ocr_line' id='line_1_11' title="bbox 298 978 1059 1058; baseline -0.008 -12"><span class='ocrx_word' id='word_1_57' title='bbox 298 1041 302 1046; x_wconf 86' lang='lat'>.</span> <span class='ocrx_word' id='word_1_58' title='bbox 384 980 556 1042; x_wconf 85' lang='lat' dir='ltr'>Laomedon</span> <span class='ocrx_word' id='word_1_59' title='bbox 572 979 683 1058; x_wconf 81' lang='lat' dir='ltr'>gemini</span> <span class='ocrx_word' id='word_1_60' title='bbox 699 978 813 1040; x_wconf 87' lang='lat' dir='ltr'>satiarit</span> <span class='ocrx_word' id='word_1_61' title='bbox 827 979 959 1039; x_wconf 89' lang='lat' dir='ltr'>numinis</span> <span class='ocrx_word' id='word_1_62' title='bbox 975 981 1059 1052; x_wconf 89' lang='lat' dir='ltr'>iram,</span> 
     </span>
     <span class='ocr_line' id='line_1_12' title="bbox 386 1063 1229 1134; baseline 0.004 -7"><span class='ocrx_word' id='word_1_63' title='bbox 386 1068 533 1128; x_wconf 92' lang='lat' dir='ltr'>lunonem</span> <span class='ocrx_word' id='word_1_64' title='bbox 548 1065 644 1127; x_wconf 79' lang='lat' dir='ltr'>Pelias</span> <span class='ocrx_word' id='word_1_65' title='bbox 661 1065 764 1134; x_wconf 89' lang='lat' dir='ltr'>sensit,</span> <span class='ocrx_word' id='word_1_66' title='bbox 778 1063 846 1124; x_wconf 88' lang='lat' dir='ltr'>tulit</span> <span class='ocrx_word' id='word_1_67' title='bbox 859 1064 970 1127; x_wconf 92' lang='lat' dir='ltr'>inscius</span> <span class='ocrx_word' id='word_1_68' title='bbox 986 1083 1067 1128; x_wconf 92' lang='lat' dir='ltr'>arma</span> <span class='ocrx_word' id='word_1_69' title='bbox 1227 1125 1229 1130; x_wconf 83' lang='grc'>.</span> 
     </span>
     <span class='ocr_line' id='line_1_13' title="bbox 385 1150 1332 1232; baseline 0 -20"><span class='ocrx_word' id='word_1_70' title='bbox 385 1153 533 1232; x_wconf 80' lang='lat' dir='ltr'>Telephus</span> <span class='ocrx_word' id='word_1_71' title='bbox 550 1159 579 1212; x_wconf 89' lang='lat' dir='ltr'>et</span> <span class='ocrx_word' id='word_1_72' title='bbox 593 1168 717 1230; x_wconf 85' lang='lat' dir='ltr'>regnum</span> <span class='ocrx_word' id='word_1_73' title='bbox 734 1150 863 1229; x_wconf 86' lang='lat' dir='ltr'>Neptuni</span> <span class='ocrx_word' id='word_1_74' title='bbox 874 1151 953 1230; x_wconf 88' lang='lat' dir='ltr'>pavit</span> <span class='ocrx_word' id='word_1_75' title='bbox 964 1151 1073 1214; x_wconf 80' lang='lat' dir='ltr'>Vlixes.</span> <span class='ocrx_word' id='word_1_76' title='bbox 1304 1165 1332 1216; x_wconf 85' lang='lat' dir='ltr'>lo</span> 
     </span>
     <span class='ocr_line' id='line_1_14' title="bbox 385 1235 1162 1320; baseline -0.001 -21"><span class='ocrx_word' id='word_1_77' title='bbox 385 1257 432 1299; x_wconf 90' lang='lat' dir='ltr'>me</span> <span class='ocrx_word' id='word_1_78' title='bbox 448 1256 566 1317; x_wconf 82' lang='lat' dir='ltr'>quoque</span> <span class='ocrx_word' id='word_1_79' title='bbox 581 1235 636 1317; x_wconf 84' lang='lat' dir='ltr'>per</span> <span class='ocrx_word' id='word_1_80' title='bbox 648 1244 756 1310; x_wconf 88' lang='lat' dir='ltr'>terras,</span> <span class='ocrx_word' id='word_1_81' title='bbox 771 1253 825 1316; x_wconf 88' lang='lat' dir='ltr'>per</span> <span class='ocrx_word' id='word_1_82' title='bbox 840 1237 906 1298; x_wconf 93' lang='lat' dir='ltr'>cani</span> <span class='ocrx_word' id='word_1_83' title='bbox 921 1237 1034 1298; x_wconf 89' lang='lat' dir='ltr'>Nereos</span> <span class='ocrx_word' id='word_1_84' title='bbox 1049 1256 1162 1320; x_wconf 90' lang='lat' dir='ltr'>aequor</span> 
     </span>
     <span class='ocr_line' id='line_1_15' title="bbox 387 1322 1057 1410; baseline 0.001 -25"><span class='ocrx_word' id='word_1_85' title='bbox 387 1323 616 1404; x_wconf 87' lang='lat' dir='ltr'>Hellespontiaci</span> <span class='ocrx_word' id='word_1_86' title='bbox 632 1322 769 1404; x_wconf 87' lang='lat' dir='ltr'>sequitur</span> <span class='ocrx_word' id='word_1_87' title='bbox 782 1323 877 1402; x_wconf 86' lang='lat' dir='ltr'>gravis</span> <span class='ocrx_word' id='word_1_88' title='bbox 892 1322 935 1384; x_wconf 93' lang='lat' dir='ltr'>ira</span> <span class='ocrx_word' id='word_1_89' title='bbox 951 1322 1057 1410; x_wconf 84' lang='lat' dir='ltr'>Priapi’</span> 
     </span>
     <span class='ocr_line' id='line_1_16' title="bbox 736 1425 755 1461; baseline 0 0"><span class='ocrx_word' id='word_1_90' title='bbox 736 1425 755 1461; x_wconf 71' lang='lat' dir='ltr'>li</span> 
     </span>
     <span class='ocr_line' id='line_1_17' title="bbox 308 1493 1284 1575; baseline -0.003 -19"><span class='ocrx_word' id='word_1_91' title='bbox 308 1511 452 1574; x_wconf 86' lang='lat' dir='ltr'>quaerere</span> <span class='ocrx_word' id='word_1_92' title='bbox 474 1493 611 1555; x_wconf 85' lang='lat' dir='ltr'>aGitone</span> <span class='ocrx_word' id='word_1_93' title='bbox 632 1513 700 1554; x_wconf 90' lang='lat' dir='ltr'>meo</span> <span class='ocrx_word' id='word_1_94' title='bbox 715 1494 808 1572; x_wconf 90' lang='lat' dir='ltr'>coepi,</span> <span class='ocrx_word' id='word_1_95' title='bbox 832 1511 903 1554; x_wconf 92' lang='lat' dir='ltr'>num</span> <span class='ocrx_word' id='word_1_96' title='bbox 921 1493 1028 1574; x_wconf 91' lang='lat' dir='ltr'>aliquis</span> <span class='ocrx_word' id='word_1_97' title='bbox 1044 1512 1091 1555; x_wconf 88' lang='lat' dir='ltr'>me</span> <span class='ocrx_word' id='word_1_98' title='bbox 1107 1494 1284 1575; x_wconf 85' lang='lat' dir='ltr'>quaesisset.</span> 
     </span>
     <span class='ocr_line' id='line_1_18' title="bbox 222 1571 1288 1660; baseline -0.003 -17"><span class='ocrx_word' id='word_1_99' title='bbox 222 1579 329 1644; x_wconf 87' lang='lat' dir='ltr'>‘nemo’</span> <span class='ocrx_word' id='word_1_100' title='bbox 344 1579 443 1660; x_wconf 91' lang='lat' dir='ltr'>inquit</span> <span class='ocrx_word' id='word_1_101' title='bbox 455 1579 561 1640; x_wconf 83' lang='lat' dir='ltr'>‘hodie</span> <span class='ocrx_word' id='word_1_102' title='bbox 596 1581 647 1640; x_wconf 92' lang='lat' dir='ltr'>scd</span> <span class='ocrx_word' id='word_1_103' title='bbox 661 1579 799 1640; x_wconf 88' lang='lat' dir='ltr'>hesterno</span> <span class='ocrx_word' id='word_1_104' title='bbox 812 1571 859 1640; x_wconf 85' lang='lat' dir='ltr'>die</span> <span class='ocrx_word' id='word_1_105' title='bbox 871 1580 979 1640; x_wconf 90' lang='lat' dir='ltr'>mulier</span> <span class='ocrx_word' id='word_1_106' title='bbox 990 1581 1133 1659; x_wconf 86' lang='lat' dir='ltr'>quaedam</span> <span class='ocrx_word' id='word_1_107' title='bbox 1145 1581 1225 1642; x_wconf 93' lang='lat' dir='ltr'>haud</span> <span class='ocrx_word' id='word_1_108' title='bbox 1237 1579 1288 1640; x_wconf 91' lang='lat' dir='ltr'>in-</span> 
     </span>
    </p>

    <p class='ocr_par' dir='ltr' id='par_1_3' title="bbox 149 1665 1333 1918">
     <span class='ocr_line' id='line_1_19' title="bbox 149 1665 1333 1748; baseline -0.003 -20"><span class='ocrx_word' id='word_1_109' title='bbox 149 1742 164 1748; x_wconf 31' lang='lat'><em>*</em></span> <span class='ocrx_word' id='word_1_110' title='bbox 223 1668 301 1728; x_wconf 88' lang='lat' dir='ltr'>culta</span> <span class='ocrx_word' id='word_1_111' title='bbox 321 1667 440 1728; x_wconf 92' lang='lat' dir='ltr'>ianuam</span> <span class='ocrx_word' id='word_1_112' title='bbox 463 1665 590 1739; x_wconf 89' lang='lat' dir='ltr'>intravit,</span> <span class='ocrx_word' id='word_1_113' title='bbox 614 1684 740 1745; x_wconf 88' lang='lat' dir='ltr'>cumque</span> <span class='ocrx_word' id='word_1_114' title='bbox 761 1665 811 1726; x_wconf 93' lang='lat' dir='ltr'>diu</span> <span class='ocrx_word' id='word_1_115' title='bbox 830 1683 949 1727; x_wconf 93' lang='lat' dir='ltr'>mecum</span> <span class='ocrx_word' id='word_1_116' title='bbox 972 1673 1050 1727; x_wconf 89' lang='lat' dir='ltr'>essct</span> <span class='ocrx_word' id='word_1_117' title='bbox 1072 1667 1168 1728; x_wconf 85' lang='lat' dir='ltr'>locuta</span> <span class='ocrx_word' id='word_1_118' title='bbox 1189 1673 1220 1726; x_wconf 86' lang='lat' dir='ltr'>et</span> <span class='ocrx_word' id='word_1_119' title='bbox 1236 1685 1287 1726; x_wconf 89' lang='lat' dir='ltr'>me</span> <span class='ocrx_word' id='word_1_120' title='bbox 1308 1677 1333 1725; x_wconf 83' lang='lat'>15</span> 
     </span>
     <span class='ocr_line' id='line_1_20' title="bbox 223 1749 1286 1830; baseline -0.003 -14"><span class='ocrx_word' id='word_1_121' title='bbox 223 1752 366 1816; x_wconf 89' lang='lat' dir='ltr'>accersito</span> <span class='ocrx_word' id='word_1_122' title='bbox 381 1769 522 1814; x_wconf 90' lang='lat' dir='ltr'>sermone</span> <span class='ocrx_word' id='word_1_123' title='bbox 535 1752 683 1824; x_wconf 81' lang='lat' dir='ltr'>lassasset,</span> <span class='ocrx_word' id='word_1_124' title='bbox 700 1752 804 1812; x_wconf 91' lang='lat' dir='ltr'>ultimo</span> <span class='ocrx_word' id='word_1_125' title='bbox 821 1751 918 1830; x_wconf 87' lang='lat' dir='ltr'>coepit</span> <span class='ocrx_word' id='word_1_126' title='bbox 933 1753 1040 1824; x_wconf 86' lang='lat' dir='ltr'>dicere,</span> <span class='ocrx_word' id='word_1_127' title='bbox 1055 1749 1201 1814; x_wconf 85' lang='lat' dir='ltr'>tenoxam</span> <span class='ocrx_word' id='word_1_128' title='bbox 1219 1771 1286 1813; x_wconf 90' lang='lat' dir='ltr'>me-</span> 
     </span>
     <span class='ocr_line' id='line_1_21' title="bbox 222 1837 1288 1918; baseline -0.002 -18"><span class='ocrx_word' id='word_1_129' title='bbox 222 1838 319 1900; x_wconf 90' lang='lat' dir='ltr'>ruisse</span> <span class='ocrx_word' id='word_1_130' title='bbox 334 1839 533 1917; x_wconf 90' lang='lat' dir='ltr'>daturumque</span> <span class='ocrx_word' id='word_1_131' title='bbox 545 1837 664 1899; x_wconf 86' lang='lat' dir='ltr'>serviles</span> <span class='ocrx_word' id='word_1_132' title='bbox 680 1856 801 1917; x_wconf 88' lang='lat' dir='ltr'>poenas,</span> <span class='ocrx_word' id='word_1_133' title='bbox 824 1837 850 1898; x_wconf 92' lang='lat' dir='ltr'>si</span> <span class='ocrx_word' id='word_1_134' title='bbox 862 1838 956 1898; x_wconf 90' lang='lat' dir='ltr'>laesus</span> <span class='ocrx_word' id='word_1_135' title='bbox 979 1837 1009 1898; x_wconf 94' lang='lat' dir='ltr'>in</span> <span class='ocrx_word' id='word_1_136' title='bbox 1032 1838 1161 1918; x_wconf 89' lang='lat' dir='ltr'>querella</span> <span class='ocrx_word' id='word_1_137' title='bbox 1181 1856 1288 1918; x_wconf 87' lang='lat' dir='ltr'>perse-</span> 
     </span>
    </p>

    <p class='ocr_par' dir='ltr' id='par_1_4' title="bbox 160 1921 361 1986">
     <span class='ocr_line' id='line_1_22' title="bbox 160 1921 361 1986; baseline -0.005 -1"><span class='ocrx_word' id='word_1_138' title='bbox 160 1941 164 1951; x_wconf 82' lang='grc'>’</span> <span class='ocrx_word' id='word_1_139' title='bbox 223 1921 361 1986; x_wconf 86' lang='lat' dir='ltr'>verasset’</span> 
     </span>
    </p>

    <p class='ocr_par' dir='ltr' id='par_1_5' title="bbox 738 2025 757 2059">
     <span class='ocr_line' id='line_1_23' title="bbox 738 2025 757 2059; baseline 0 0"><span class='ocrx_word' id='word_1_140' title='bbox 738 2025 757 2059; x_wconf 73' lang='lat' dir='ltr'>ih</span> 
     </span>
    </p>
   </div>
   <div class='ocr_carea' id='block_1_3' title="bbox 310 2093 1283 2173">
    <p class='ocr_par' dir='ltr' id='par_1_6' title="bbox 310 2093 1283 2173">
     <span class='ocr_line' id='line_1_24' title="bbox 310 2093 1283 2173; baseline -0.002 -18"><span class='ocrx_word' id='word_1_141' title='bbox 310 2094 445 2155; x_wconf 91' lang='lat' dir='ltr'>nondum</span> <span class='ocrx_word' id='word_1_142' title='bbox 466 2095 626 2173; x_wconf 90' lang='lat' dir='ltr'>querellam</span> <span class='ocrx_word' id='word_1_143' title='bbox 642 2093 787 2167; x_wconf 86' lang='lat' dir='ltr'>finieram,</span> <span class='ocrx_word' id='word_1_144' title='bbox 812 2110 878 2155; x_wconf 90' lang='lat' dir='ltr'>cnm</span> <span class='ocrx_word' id='word_1_145' title='bbox 902 2093 1018 2173; x_wconf 80' lang='lat' dir='ltr'>Chrysis</span> <span class='ocrx_word' id='word_1_146' title='bbox 1039 2093 1201 2156; x_wconf 84' lang='lat' dir='ltr'>intervenit</span> <span class='ocrx_word' id='word_1_147' title='bbox 1223 2111 1283 2154; x_wconf 84' lang='lat' dir='ltr'>am·</span> 
     </span>
    </p>
   </div>
   <div class='ocr_carea' id='block_1_4' title="bbox 142 2178 1335 2500">
    <p class='ocr_par' dir='ltr' id='par_1_7' title="bbox 142 2178 1335 2434">
     <span class='ocr_line' id='line_1_25' title="bbox 142 2178 1335 2263; baseline -0.001 -20"><span class='ocrx_word' id='word_1_148' title='bbox 142 2201 146 2208; x_wconf 91' lang='lat'><em>·</em></span> <span class='ocrx_word' id='word_1_149' title='bbox 224 2182 372 2263; x_wconf 85' lang='lat' dir='ltr'>plexuque</span> <span class='ocrx_word' id='word_1_150' title='bbox 386 2179 563 2242; x_wconf 78' lang='lat' dir='ltr'>effusissimo</span> <span class='ocrx_word' id='word_1_151' title='bbox 579 2199 627 2242; x_wconf 89' lang='lat' dir='ltr'>me</span> <span class='ocrx_word' id='word_1_152' title='bbox 642 2180 747 2240; x_wconf 87' lang='lat' dir='ltr'>invasit</span> <span class='ocrx_word' id='word_1_153' title='bbox 759 2186 790 2240; x_wconf 86' lang='lat' dir='ltr'>et</span> <span class='ocrx_word' id='word_1_154' title='bbox 805 2187 903 2240; x_wconf 87' lang='lat' dir='ltr'>‘teneo</span> <span class='ocrx_word' id='word_1_155' title='bbox 915 2178 953 2240; x_wconf 86' lang='lat' dir='ltr'>te’</span> <span class='ocrx_word' id='word_1_156' title='bbox 968 2179 1067 2260; x_wconf 86' lang='lat' dir='ltr'>inquit</span> <span class='ocrx_word' id='word_1_157' title='bbox 1079 2181 1205 2259; x_wconf 82' lang='lat' dir='ltr'>‘qualem</span> <span class='ocrx_word' id='word_1_158' title='bbox 1218 2198 1288 2258; x_wconf 88' lang='lat' dir='ltr'>spe·</span> <span class='ocrx_word' id='word_1_159' title='bbox 1305 2192 1335 2242; x_wconf 86' lang='lat'>20</span> 
     </span>
     <span class='ocr_line' id='line_1_26' title="bbox 224 2265 1290 2346; baseline -0.003 -17"><span class='ocrx_word' id='word_1_160' title='bbox 224 2284 372 2330; x_wconf 86' lang='lat' dir='ltr'>raveram:</span> <span class='ocrx_word' id='word_1_161' title='bbox 389 2274 422 2328; x_wconf 93' lang='lat' dir='ltr'>tu</span> <span class='ocrx_word' id='word_1_162' title='bbox 438 2265 619 2327; x_wconf 90' lang='lat' dir='ltr'>desiderium</span> <span class='ocrx_word' id='word_1_163' title='bbox 635 2283 745 2338; x_wconf 85' lang='lat' dir='ltr'>meum,</span> <span class='ocrx_word' id='word_1_164' title='bbox 760 2267 935 2346; x_wconf 89' lang='lat' dir='ltr'>tuvoluptas</span> <span class='ocrx_word' id='word_1_165' title='bbox 948 2283 1021 2342; x_wconf 83' lang='lat' dir='ltr'>mea,</span> <span class='ocrx_word' id='word_1_166' title='bbox 1038 2265 1290 2346; x_wconf 88' lang='lat' dir='ltr'>nunquamfinics</span> 
     </span>
     <span class='ocr_line' id='line_1_27' title="bbox 224 2351 846 2434; baseline -0.002 -19"><span class='ocrx_word' id='word_1_167' title='bbox 224 2353 306 2416; x_wconf 92' lang='lat' dir='ltr'>hunc</span> <span class='ocrx_word' id='word_1_168' title='bbox 321 2353 429 2434; x_wconf 85' lang='lat' dir='ltr'>ignem,</span> <span class='ocrx_word' id='word_1_169' title='bbox 444 2351 502 2414; x_wconf 90' lang='lat' dir='ltr'>nisi</span> <span class='ocrx_word' id='word_1_170' title='bbox 516 2351 661 2432; x_wconf 86' lang='lat' dir='ltr'>sanguine</span> <span class='ocrx_word' id='word_1_171' title='bbox 678 2351 846 2414; x_wconf 83' lang='lat' dir='ltr'>extinxeris’</span> 
     </span>
    </p>

    <p class='ocr_par' dir='ltr' id='par_1_8' title="bbox 743 2464 762 2500">
     <span class='ocr_line' id='line_1_28' title="bbox 743 2464 762 2500; baseline 0 0"><span class='ocrx_word' id='word_1_172' title='bbox 743 2464 762 2500; x_wconf 71' lang='lat' dir='ltr'>it</span> 
     </span>
    </p>
   </div>
   <div class='ocr_carea' id='block_1_5' title="bbox 159 2519 1338 3637">
    <p class='ocr_par' dir='ltr' id='par_1_9' title="bbox 226 2519 1336 3006">
     <span class='ocr_line' id='line_1_29' title="bbox 311 2519 1288 2586; baseline -0.004 0"><span class='ocrx_word' id='word_1_173' title='bbox 311 2543 390 2586; x_wconf 92' lang='lat' dir='ltr'>unus</span> <span class='ocrx_word' id='word_1_174' title='bbox 406 2543 445 2586; x_wconf 87' lang='lat' dir='ltr'>ex.</span> <span class='ocrx_word' id='word_1_175' title='bbox 456 2524 578 2586; x_wconf 84' lang='lat' dir='ltr'>noviciis</span> <span class='ocrx_word' id='word_1_176' title='bbox 595 2523 719 2585; x_wconf 90' lang='lat' dir='ltr'>servulis</span> <span class='ocrx_word' id='word_1_177' title='bbox 734 2523 833 2584; x_wconf 89' lang='lat' dir='ltr'>subito</span> <span class='ocrx_word' id='word_1_178' title='bbox 849 2523 977 2584; x_wconf 89' lang='lat' dir='ltr'>accurrit</span> <span class='ocrx_word' id='word_1_179' title='bbox 998 2519 1115 2583; x_wconf 87' lang='lat' dir='ltr'>etmihi</span> <span class='ocrx_word' id='word_1_180' title='bbox 1131 2520 1288 2584; x_wconf 91' lang='lat' dir='ltr'>dominum</span> 
     </span>
     <span class='ocr_line' id='line_1_30' title="bbox 226 2607 1290 2690; baseline -0.004 -17"><span class='ocrx_word' id='word_1_181' title='bbox 226 2611 419 2678; x_wconf 88' lang='lat' dir='ltr'>iratissimum</span> <span class='ocrx_word' id='word_1_182' title='bbox 436 2629 500 2671; x_wconf 89' lang='lat' dir='ltr'>esse</span> <span class='ocrx_word' id='word_1_183' title='bbox 518 2610 684 2680; x_wconf 83' lang='lat' dir='ltr'>affirmavit,</span> <span class='ocrx_word' id='word_1_184' title='bbox 705 2610 785 2690; x_wconf 93' lang='lat' dir='ltr'>quod</span> <span class='ocrx_word' id='word_1_185' title='bbox 805 2608 895 2670; x_wconf 90' lang='lat' dir='ltr'>biduo</span> <span class='ocrx_word' id='word_1_186' title='bbox 919 2609 976 2671; x_wconf 93' lang='lat' dir='ltr'>iam</span> <span class='ocrx_word' id='word_1_187' title='bbox 998 2607 1095 2668; x_wconf 87' lang='lat' dir='ltr'>oliicio</span> <span class='ocrx_word' id='word_1_188' title='bbox 1118 2607 1290 2669; x_wconf 83' lang='lat' dir='ltr'>defuissem.</span> 
     </span>
     <span class='ocr_line' id='line_1_31' title="bbox 226 2694 1336 2778; baseline -0.005 -19"><span class='ocrx_word' id='word_1_189' title='bbox 226 2705 307 2760; x_wconf 89' lang='lat' dir='ltr'>recte</span> <span class='ocrx_word' id='word_1_190' title='bbox 322 2715 391 2776; x_wconf 79' lang='lat' dir='ltr'>argo</span> <span class='ocrx_word' id='word_1_191' title='bbox 407 2714 455 2758; x_wconf 91' lang='lat' dir='ltr'>me</span> <span class='ocrx_word' id='word_1_192' title='bbox 471 2699 628 2768; x_wconf 86' lang='lat' dir='ltr'>facturum,</span> <span class='ocrx_word' id='word_1_193' title='bbox 645 2695 670 2756; x_wconf 93' lang='lat' dir='ltr'>si</span> <span class='ocrx_word' id='word_1_194' title='bbox 683 2695 901 2756; x_wconf 80' lang='lat' dir='ltr'>excusationem</span> <span class='ocrx_word' id='word_1_195' title='bbox 914 2695 1040 2778; x_wconf 88' lang='lat' dir='ltr'>aliquam</span> <span class='ocrx_word' id='word_1_196' title='bbox 1052 2694 1191 2755; x_wconf 89' lang='lat' dir='ltr'>idoneam</span> <span class='ocrx_word' id='word_1_197' title='bbox 1203 2712 1291 2774; x_wconf 90' lang='lat' dir='ltr'>prae·</span> <span class='ocrx_word' id='word_1_198' title='bbox 1307 2711 1336 2761; x_wconf 81' lang='lat'>25</span> 
     </span>
     <span class='ocr_line' id='line_1_32' title="bbox 226 2771 1290 2863; baseline -0.002 -19"><span class='ocrx_word' id='word_1_199' title='bbox 226 2799 385 2863; x_wconf 88' lang='lat' dir='ltr'>parassem.</span> <span class='ocrx_word' id='word_1_200' title='bbox 415 2771 463 2842; x_wconf 86' lang='lat' dir='ltr'>rix</span> <span class='ocrx_word' id='word_1_201' title='bbox 479 2781 557 2842; x_wconf 92' lang='lat' dir='ltr'>enim</span> <span class='ocrx_word' id='word_1_202' title='bbox 573 2798 662 2861; x_wconf 88' lang='lat' dir='ltr'>posse</span> <span class='ocrx_word' id='word_1_203' title='bbox 677 2781 750 2855; x_wconf 88' lang='lat' dir='ltr'>fieri,</span> <span class='ocrx_word' id='word_1_204' title='bbox 766 2787 800 2841; x_wconf 86' lang='lat' dir='ltr'>ut</span> <span class='ocrx_word' id='word_1_205' title='bbox 812 2779 908 2842; x_wconf 81' lang='lat' dir='ltr'>rabies</span> <span class='ocrx_word' id='word_1_206' title='bbox 920 2779 1074 2842; x_wconf 88' lang='lat' dir='ltr'>irascentis</span> <span class='ocrx_word' id='word_1_207' title='bbox 1086 2779 1151 2842; x_wconf 91' lang='lat' dir='ltr'>sine</span> <span class='ocrx_word' id='word_1_208' title='bbox 1163 2780 1290 2842; x_wconf 83' lang='lat' dir='ltr'>verbere</span> 
     </span>
     <span class='ocr_line' id='line_1_33' title="bbox 227 2868 395 2930; baseline -0.012 0"><span class='ocrx_word' id='word_1_209' title='bbox 227 2868 395 2930; x_wconf 85' lang='lat' dir='ltr'>consideret</span> 
     </span>
     <span class='ocr_line' id='line_1_34' title="bbox 744 2971 763 3006; baseline 0 0"><span class='ocrx_word' id='word_1_210' title='bbox 744 2971 763 3006; x_wconf 72' lang='lat' dir='ltr'>tl·</span> 
     </span>
    </p>

    <p class='ocr_par' dir='ltr' id='par_1_10' title="bbox 159 3039 1338 3637">
     <span class='ocr_line' id='line_1_35' title="bbox 159 3039 1291 3122; baseline -0.001 -19"><span class='ocrx_word' id='word_1_211' title='bbox 159 3048 218 3112; x_wconf 88' lang='grc'>140</span> <span class='ocrx_word' id='word_1_212' title='bbox 312 3049 446 3103; x_wconf 90' lang='lat' dir='ltr'>matrona</span> <span class='ocrx_word' id='word_1_213' title='bbox 455 3043 533 3105; x_wconf 86' lang='lat' dir='ltr'>inter</span> <span class='ocrx_word' id='word_1_214' title='bbox 540 3041 652 3122; x_wconf 89' lang='lat' dir='ltr'>primas</span> <span class='ocrx_word' id='word_1_215' title='bbox 661 3041 792 3112; x_wconf 89' lang='lat' dir='ltr'>honesta,</span> <span class='ocrx_word' id='word_1_216' title='bbox 808 3039 970 3102; x_wconf 86' lang='lat' dir='ltr'>Philomela</span> <span class='ocrx_word' id='word_1_217' title='bbox 978 3040 1109 3110; x_wconf 90' lang='lat' dir='ltr'>nomine,</span> <span class='ocrx_word' id='word_1_218' title='bbox 1127 3040 1291 3120; x_wconf 90' lang='lat' dir='ltr'>quaemul-</span> 
     </span>
     <span class='ocr_line' id='line_1_36' title="bbox 226 3126 1292 3212; baseline -0.004 -22"><span class='ocrx_word' id='word_1_219' title='bbox 226 3137 271 3191; x_wconf 89' lang='lat' dir='ltr'>tas</span> <span class='ocrx_word' id='word_1_220' title='bbox 287 3147 373 3208; x_wconf 90' lang='lat' dir='ltr'>saepe</span> <span class='ocrx_word' id='word_1_221' title='bbox 388 3129 568 3191; x_wconf 84' lang='lat' dir='ltr'>hereditates</span> <span class='ocrx_word' id='word_1_222' title='bbox 585 3127 680 3189; x_wconf 85' lang='lat' dir='ltr'>officio</span> <span class='ocrx_word' id='word_1_223' title='bbox 697 3126 800 3188; x_wconf 84' lang='lat' dir='ltr'>aetatis</span> <span class='ocrx_word' id='word_1_224' title='bbox 812 3135 983 3198; x_wconf 81' lang='lat' dir='ltr'>extorserat,</span> <span class='ocrx_word' id='word_1_225' title='bbox 999 3133 1064 3186; x_wconf 87' lang='lat' dir='ltr'>tum</span> <span class='ocrx_word' id='word_1_226' title='bbox 1077 3145 1152 3212; x_wconf 79' lang='lat' dir='ltr'>anns</span> <span class='ocrx_word' id='word_1_227' title='bbox 1166 3134 1195 3186; x_wconf 87' lang='lat' dir='ltr'>et</span> <span class='ocrx_word' id='word_1_228' title='bbox 1209 3126 1292 3187; x_wconf 87' lang='lat' dir='ltr'>floris</span> 
     </span>
     <span class='ocr_line' id='line_1_37' title="bbox 228 3212 1338 3293; baseline 0 -16"><span class='ocrx_word' id='word_1_229' title='bbox 228 3213 359 3286; x_wconf 84' lang='lat' dir='ltr'>extincti,</span> <span class='ocrx_word' id='word_1_230' title='bbox 380 3214 471 3277; x_wconf 86' lang='lat' dir='ltr'>fihum</span> <span class='ocrx_word' id='word_1_231' title='bbox 494 3215 643 3293; x_wconf 88' lang='lat' dir='ltr'>filiamque</span> <span class='ocrx_word' id='word_1_232' title='bbox 662 3212 816 3290; x_wconf 88' lang='lat' dir='ltr'>ingerebat</span> <span class='ocrx_word' id='word_1_233' title='bbox 837 3212 917 3273; x_wconf 88' lang='lat' dir='ltr'>orbis</span> <span class='ocrx_word' id='word_1_234' title='bbox 938 3213 1070 3285; x_wconf 86' lang='lat' dir='ltr'>senibus,</span> <span class='ocrx_word' id='word_1_235' title='bbox 1094 3217 1123 3272; x_wconf 89' lang='lat' dir='ltr'>et</span> <span class='ocrx_word' id='word_1_236' title='bbox 1145 3212 1293 3291; x_wconf 89' lang='lat' dir='ltr'>perhanc</span> <span class='ocrx_word' id='word_1_237' title='bbox 1309 3227 1338 3277; x_wconf 84' lang='lat'>30</span> 
     </span>
     <span class='ocr_line' id='line_1_38' title="bbox 229 3298 1293 3378; baseline -0.005 -14"><span class='ocrx_word' id='word_1_238' title='bbox 229 3301 450 3364; x_wconf 90' lang='lat' dir='ltr'>successionem</span> <span class='ocrx_word' id='word_1_239' title='bbox 466 3309 563 3362; x_wconf 91' lang='lat' dir='ltr'>artem</span> <span class='ocrx_word' id='word_1_240' title='bbox 580 3317 664 3360; x_wconf 90' lang='lat' dir='ltr'>suam</span> <span class='ocrx_word' id='word_1_241' title='bbox 681 3298 887 3378; x_wconf 84' lang='lat' dir='ltr'>perseverabat</span> <span class='ocrx_word' id='word_1_242' title='bbox 901 3299 1073 3360; x_wconf 85' lang='lat' dir='ltr'>extendere.</span> <span class='ocrx_word' id='word_1_243' title='bbox 1109 3317 1142 3358; x_wconf 91' lang='lat' dir='ltr'>ea</span> <span class='ocrx_word' id='word_1_244' title='bbox 1164 3315 1233 3377; x_wconf 82' lang='lat' dir='ltr'>ergo</span> <span class='ocrx_word' id='word_1_245' title='bbox 1257 3299 1293 3359; x_wconf 92' lang='lat' dir='ltr'>ad</span> 
     </span>
     <span class='ocr_line' id='line_1_39' title="bbox 226 3379 1294 3467; baseline -0.004 -19"><span class='ocrx_word' id='word_1_246' title='bbox 226 3386 407 3467; x_wconf 84' lang='lat' dir='ltr'>Eumolpum</span> <span class='ocrx_word' id='word_1_247' title='bbox 424 3387 505 3448; x_wconf 85' lang='lat' dir='ltr'>venit</span> <span class='ocrx_word' id='word_1_248' title='bbox 527 3394 556 3446; x_wconf 90' lang='lat' dir='ltr'>et</span> <span class='ocrx_word' id='word_1_249' title='bbox 572 3379 780 3447; x_wconf 87' lang='lat' dir='ltr'>commendare</span> <span class='ocrx_word' id='word_1_250' title='bbox 799 3384 908 3445; x_wconf 90' lang='lat' dir='ltr'>liberos</span> <span class='ocrx_word' id='word_1_251' title='bbox 937 3403 1006 3445; x_wconf 91' lang='lat' dir='ltr'>suos</span> <span class='ocrx_word' id='word_1_252' title='bbox 1027 3385 1090 3446; x_wconf 90' lang='lat' dir='ltr'>eius</span> <span class='ocrx_word' id='word_1_253' title='bbox 1117 3382 1294 3464; x_wconf 86' lang='lat' dir='ltr'>prudentiae</span> 
     </span>
     <span class='ocr_line' id='line_1_40' title="bbox 228 3470 1292 3552; baseline -0.004 -18"><span class='ocrx_word' id='word_1_254' title='bbox 228 3472 415 3552; x_wconf 89' lang='lat' dir='ltr'>bonitatique</span> <span class='ocrx_word' id='word_1_255' title='bbox 679 3470 801 3532; x_wconf 91' lang='lat' dir='ltr'>credere</span> <span class='ocrx_word' id='word_1_256' title='bbox 817 3477 964 3532; x_wconf 86' lang='lat' dir='ltr'>seetvota</span> <span class='ocrx_word' id='word_1_257' title='bbox 977 3489 1038 3531; x_wconf 91' lang='lat' dir='ltr'>sua.</span> <span class='ocrx_word' id='word_1_258' title='bbox 1069 3470 1227 3531; x_wconf 90' lang='lat' dir='ltr'>illumesse</span> <span class='ocrx_word' id='word_1_259' title='bbox 1242 3489 1292 3531; x_wconf 91' lang='lat' dir='ltr'>so·</span> 
     </span>
     <span class='ocr_line' id='line_1_41' title="bbox 226 3553 1291 3637; baseline -0.005 -17"><span class='ocrx_word' id='word_1_260' title='bbox 226 3561 288 3620; x_wconf 92' lang='lat' dir='ltr'>lum</span> <span class='ocrx_word' id='word_1_261' title='bbox 303 3558 336 3620; x_wconf 94' lang='lat' dir='ltr'>in</span> <span class='ocrx_word' id='word_1_262' title='bbox 347 3566 410 3619; x_wconf 90' lang='lat' dir='ltr'>tcto</span> <span class='ocrx_word' id='word_1_263' title='bbox 426 3558 497 3621; x_wconf 90' lang='lat' dir='ltr'>orbe</span> <span class='ocrx_word' id='word_1_264' title='bbox 513 3567 669 3636; x_wconf 88' lang='lat' dir='ltr'>terrarum,</span> <span class='ocrx_word' id='word_1_265' title='bbox 692 3556 744 3637; x_wconf 93' lang='lat' dir='ltr'>qui</span> <span class='ocrx_word' id='word_1_266' title='bbox 759 3557 924 3637; x_wconf 88' lang='lat' dir='ltr'>praeceptis</span> <span class='ocrx_word' id='word_1_267' title='bbox 947 3557 1034 3617; x_wconf 85' lang='lat' dir='ltr'>eliam</span> <span class='ocrx_word' id='word_1_268' title='bbox 1055 3553 1222 3617; x_wconf 91' lang='lat' dir='ltr'>salubribus</span> <span class='ocrx_word' id='word_1_269' title='bbox 1243 3554 1291 3616; x_wconf 91' lang='lat' dir='ltr'>in-</span> 
     </span>
    </p>
   </div>
   <div class='ocr_carea' id='block_1_6' title="bbox 228 3687 1292 3904">
    <p class='ocr_par' dir='ltr' id='par_1_11' title="bbox 228 3687 1292 3904">
     <span class='ocr_line' id='line_1_42' title="bbox 296 3687 1292 3764; baseline -0.006 -16"><span class='ocrx_word' id='word_1_270' title='bbox 296 3699 310 3747; x_wconf 87' lang='grc'>3</span> <span class='ocrx_word' id='word_1_271' title='bbox 323 3698 463 3756; x_wconf 82' lang='lat' dir='ltr'>iactatione</span> <span class='ocrx_word' id='word_1_272' title='bbox 474 3697 681 3764; x_wconf 71' lang='lat' dir='ltr'>longemanum</span> <span class='ocrx_word' id='word_1_273' title='bbox 694 3693 703 3763; x_wconf 95' lang='grc'>11</span> <span class='ocrx_word' id='word_1_274' title='bbox 716 3696 782 3746; x_wconf 79' lang='lat' dir='ltr'>dira</span> <span class='ocrx_word' id='word_1_275' title='bbox 794 3693 803 3762; x_wconf 95' lang='grc'>11</span> <span class='ocrx_word' id='word_1_276' title='bbox 813 3687 832 3745; x_wconf 73' lang='grc'>’8</span> <span class='ocrx_word' id='word_1_277' title='bbox 842 3696 868 3744; x_wconf 78' lang='lat' dir='ltr'>ia</span> <span class='ocrx_word' id='word_1_278' title='bbox 878 3693 950 3744; x_wconf 77' lang='lat' dir='ltr'>labris</span> <span class='ocrx_word' id='word_1_279' title='bbox 959 3693 1053 3760; x_wconf 75' lang='lat' dir='ltr'>legitur</span> <span class='ocrx_word' id='word_1_280' title='bbox 1060 3697 1120 3762; x_wconf 82' lang='lat' dir='ltr'>post</span> <span class='ocrx_word' id='word_1_281' title='bbox 1132 3693 1147 3742; x_wconf 85' lang='lat'>9</span> <span class='ocrx_word' id='word_1_282' title='bbox 1160 3691 1169 3758; x_wconf 95' lang='grc'>1</span> <span class='ocrx_word' id='word_1_283' title='bbox 1184 3693 1292 3742; x_wconf 82' lang='lat' dir='ltr'>ldeavit</span> 
     </span>
     <span class='ocr_line' id='line_1_43' title="bbox 228 3757 1291 3834; baseline -0.007 -15"><span class='ocrx_word' id='word_1_284' title='bbox 228 3765 408 3832; x_wconf 61' lang='lat' dir='ltr'>Sooqeaaos</span> <span class='ocrx_word' id='word_1_285' title='bbox 421 3764 474 3834; x_wconf 75' lang='grc'>1125</span> <span class='ocrx_word' id='word_1_286' title='bbox 487 3767 572 3832; x_wconf 76' lang='lat' dir='ltr'>potius</span> <span class='ocrx_word' id='word_1_287' title='bbox 584 3779 761 3832; x_wconf 84' lang='lat' dir='ltr'>praepararem</span> <span class='ocrx_word' id='word_1_288' title='bbox 774 3761 783 3830; x_wconf 96' lang='grc'>1</span> <span class='ocrx_word' id='word_1_289' title='bbox 796 3761 828 3814; x_wconf 82' lang='grc'>28</span> <span class='ocrx_word' id='word_1_290' title='bbox 839 3763 985 3813; x_wconf 84' lang='lat' dir='ltr'>Philemona</span> <span class='ocrx_word' id='word_1_291' title='bbox 994 3761 1174 3828; x_wconf 71' lang='lat' dir='ltr'>Scaliger-artua</span> <span class='ocrx_word' id='word_1_292' title='bbox 1186 3757 1195 3828; x_wconf 92' lang='grc'>11</span> <span class='ocrx_word' id='word_1_293' title='bbox 1209 3759 1242 3810; x_wconf 83' lang='grc'>29</span> <span class='ocrx_word' id='word_1_294' title='bbox 1251 3767 1291 3812; x_wconf 81' lang='lat' dir='ltr'>ta-</span> 
     </span>
     <span class='ocr_line' id='line_1_44' title="bbox 228 3829 1152 3904; baseline -0.012 -14"><span class='ocrx_word' id='word_1_295' title='bbox 228 3851 285 3890; x_wconf 77' lang='lat' dir='ltr'>mea</span> <span class='ocrx_word' id='word_1_296' title='bbox 299 3849 362 3886; x_wconf 82' lang='lat' dir='ltr'>anua</span> <span class='ocrx_word' id='word_1_297' title='bbox 374 3833 384 3903; x_wconf 96' lang='grc'>11</span> <span class='ocrx_word' id='word_1_298' title='bbox 398 3835 430 3886; x_wconf 76' lang='grc'>32</span> <span class='ocrx_word' id='word_1_299' title='bbox 443 3842 471 3886; x_wconf 89' lang='lat' dir='ltr'>ut</span> <span class='ocrx_word' id='word_1_300' title='bbox 482 3833 669 3886; x_wconf 82' lang='lat' dir='ltr'>commendaret</span> <span class='ocrx_word' id='word_1_301' title='bbox 677 3834 806 3885; x_wconf 75' lang='lat' dir='ltr'>Iocabatur</span> <span class='ocrx_word' id='word_1_302' title='bbox 818 3831 827 3904; x_wconf 87' lang='grc'>1</span> <span class='ocrx_word' id='word_1_303' title='bbox 841 3832 873 3884; x_wconf 87' lang='grc'>33</span> <span class='ocrx_word' id='word_1_304' title='bbox 886 3847 914 3884; x_wconf 85' lang='lat' dir='ltr'>sa</span> <span class='ocrx_word' id='word_1_305' title='bbox 927 3847 984 3900; x_wconf 82' lang='lat' dir='ltr'>apes</span> <span class='ocrx_word' id='word_1_306' title='bbox 998 3837 1023 3883; x_wconf 86' lang='lat' dir='ltr'>ot</span> <span class='ocrx_word' id='word_1_307' title='bbox 1035 3829 1152 3882; x_wconf 56' lang='lat' dir='ltr'>Hecatae</span> 
     </span>
    </p>
   </div>
   <div class='ocr_carea' id='block_1_7' title="bbox 0 0 1444 4340">
    <p class='ocr_par' dir='ltr' id='par_1_12' title="bbox 0 0 1444 4340">
     <span class='ocr_line' id='line_1_45' title="bbox 0 0 1444 4340; baseline 0 0"><span class='ocrx_word' id='word_1_308' title='bbox 0 0 1444 4340; x_wconf 95' lang='lat' dir='ltr'> </span> 
     </span>
    </p>
   </div>
  </div>
 </body>
</html>
