2860 4340
773 64 783 95 Ι

229 135 271 200 62
680 131 835 188 vernoun

228 283 362 357 laceres?
384 290 550 372 perfidem,
566 291 670 351 saltem
685 290 771 352 nobis
787 307 884 370 parce,
901 289 953 372 qui
968 297 996 352 te
1012 307 1166 374 nunquam
1178 291 1294 373 lapida-
1312 295 1332 348 L

229 381 335 442 vimus.
367 389 439 440 nam
455 378 481 438 si
496 374 599 456 aliquis
615 395 650 438 ex
664 377 699 451 is,
717 376 813 457 quiin
829 377 934 438 eodem
950 377 1088 458 synoecio
1103 385 1217 459 potant,
1235 397 1293 440 no-

231 483 299 528 rnen
317 471 422 546 poetae
440 463 579 533 olfecerit,
602 469 696 525 totam
718 462 878 526 concitabit
897 461 1035 525 viciniam
1059 471 1089 525 et
1109 482 1163 527 nos
1176 481 1294 527 ‘omnes

229 552 286 614 sub
302 551 405 613 eadam
417 567 504 612 causa
516 549 632 611 obruet.
670 549 813 610 miserere
826 556 857 610 et
869 555 918 611 aut
928 548 1152 628 pinacothecam
1164 557 1216 612 aut
1227 551 1294 612 bal·

230 655 319 699 neum
342 634 454 714 cogita?
491 635 533 698 sic
551 653 598 696 me
618 635 790 714 loquentem
811 634 974 714 obiurgavit
993 636 1090 710 Giton,
1117 636 1295 699 mitissimus
1315 643 1330 692 5

229 741 313 804 puer,
329 730 359 784 et
373 722 491 801 negavit
506 728 587 783 recte
603 721 707 794 lacere,
723 722 803 800 quod
823 720 934 783 seniori
950 721 1129 784 conviciarer
1143 722 1294 804 simulque

229 809 339 871 oblitus
354 807 442 870 officii
457 825 603 879 mensam,
618 825 705 886 quarn
721 807 904 886 humanitate
919 807 1098 887 posuissem,
1114 811 1295 872 contumelia

228 896 372 968 tollerem,
385 895 537 972 multaque
549 892 604 954 alia
615 892 828 955 moderationis
837 893 1201 975 verecundiaequeverba,
1215 915 1294 977 quae

228 986 354 1043 formam
367 980 430 1042 eius
447 979 563 1058 egregie
579 977 723 1041 decebant
915 996 917 1004 ’

746 1092 765 1129 a

223 1221 226 1230 ,
313 1155 317 1240 l
336 1162 363 1217 ‘o
378 1152 502 1217 felicem'
527 1154 625 1234 inquit
651 1161 787 1216 ‘matrem
809 1161 900 1229 tuam,
917 1175 992 1237 quae
1012 1163 1042 1217 te
1057 1157 1146 1218 talem
1160 1156 1293 1236 peperit:
1311 1165 1392 1222 10L0

230 1252 326 1306 macte
341 1240 448 1303 virtute
464 1248 538 1302 esto.
573 1256 668 1302 raram
683 1240 753 1302 lecit
773 1241 931 1304 mixturam
947 1259 1015 1304 cum
1026 1241 1170 1322 sapientia
1185 1241 1294 1304 forma.

229 1331 330 1410 itaque
345 1345 382 1389 ne
397 1333 483 1408 putes
493 1333 524 1386 te
539 1334 584 1386 tot
598 1325 685 1388 verba
701 1326 872 1407 perdidisse,
889 1334 1052 1390 amatorem
1068 1327 1214 1390 invenisti.
1238 1347 1293 1408 ego

229 1415 330 1477 budes
341 1421 406 1476 tuas
419 1411 599 1475 carminibus
610 1412 747 1492 implebo.
786 1433 839 1493 ego
850 1414 1035 1494 paedagogus
1048 1421 1079 1476 ct
1090 1421 1190 1476 custos
1203 1413 1294 1476 etiam

230 1519 289 1582 quo
305 1518 367 1562 non
382 1497 515 1571 iusseris,
532 1516 647 1579 sequar.
681 1517 737 1562 nec
752 1498 891 1562 iniuriam
900 1500 1059 1598 Encolpius
1074 1500 1188 1580 accipit,
1200 1499 1294 1562 aliurn

230 1585 325 1650 amat!
358 1584 473 1666 proluit
488 1583 575 1646 etiam
591 1584 736 1682 Eumolpo
752 1585 836 1647 miles
851 1586 908 1658 ille,
933 1586 984 1667 qui
1006 1586 1078 1648 niibi
1095 1586 1214 1648 abstulit
1228 1587 1291 1666 gla-
1314 1595 1347 1647 15

230 1675 327 1747 dium3
353 1669 483 1752 alioquin
504 1689 593 1751 quern
617 1670 751 1732 animum
771 1673 913 1734 adversus
925 1673 1071 1758 Ascylton
1097 1690 1293 1752 sumpseram,

230 1780 299 1822 curn
314 1758 345 1820 in
361 1755 499 1837 Eumolpi
513 1755 685 1836 sanguinem
702 1757 910 1821 exercuissem.
943 1777 1000 1820 nec
1014 1757 1116 1821 fefellit
1137 1758 1194 1820 hoc
1208 1757 1291 1820 Gito-

230 1866 276 1908 na.
300 1845 400 1925 itaque
416 1849 498 1904 extra
510 1843 614 1904 cellam
622 1843 800 1922 processit
802 1862 930 1924 anquam
942 1863 1048 1924 aquarn
1059 1852 1183 1925 petere
1199 1844 1291 1907 iram-

229 1951 288 2013 que
303 1948 400 1992 meam
421 1927 563 2026 prudenti
582 1928 697 1990 absent
676 1930 871 1991 tra'extinxit.
909 1929 1063 2010 paululum
1084 1948 1153 2009 ergo
1175 1929 1292 2011 intepe-

230 2024 331 2080 scente
302 2013 470 2078 tsaevitia
491 2013 683 2093 ‘'Eumolpe
675 2032 795 2096 inquam
812 2016 880 2078 ‘iam
897 2017 971 2078 malo
987 2016 1033 2076 vel
1048 2015 1231 2078 carminibus
1246 2017 1292 2078 lo·
1311 2025 1345 2078 ιιι

164 2099 166 2106 '
230 2103 340 2183 quavis,
361 2119 450 2180 quarn
472 2099 619 2161 eiusmodi
640 2099 767 2162 tibit
715 2109 767 2162 vot
768 2121 784 2162 a
803 2118 962 2182 proponas.
996 2109 1026 2163 et
1053 2121 1106 2182 ego
1131 2102 1293 2164 iracundus

230 2209 307 2262 sum,
325 2194 380 2248 ιιι
381 2207 400 2247 ιι
367 2184 609 2247 libidinosus
628 2185 702 2260 vide,
725 2206 813 2267 quarn
830 2206 891 2248 non
908 2175 1063 2250 conveniat
1082 2189 1128 2248 bis
1149 2189 1293 2251 moribus.

230 2282 301 2355 puta
316 2273 406 2352 igitur
420 2290 469 2332 me
483 2271 631 2332 furiosum
648 2291 723 2350 csse,
739 2273 834 2334 cede
826 2273 966 2348 insaniae,
988 2273 1019 2334 id
1040 2281 1086 2336 est
1108 2274 1191 2336 ocius
1212 2274 1294 2337 foras

231 2361 286 2422 exi.
288 2356 320 2442 ’1
339 2359 410 2420 conl
408 2375 480 2419 usus
492 2355 546 2418 lrac
557 2355 712 2420 denunt't
658 2365 699 2420 tra
699 2358 952 2440 tioneEumolpus
964 2378 1026 2421 non
1039 2359 1294 2441 quaesiitiracun-
1311 2365 1332 2417 E

231 2446 296 2508 diae
308 2463 434 2517 causam,
446 2443 498 2505 sed
511 2443 653 2505 continuo
665 2445 757 2506 limen
768 2464 903 2524 egressus
916 2445 1037 2507 adduxit
1047 2453 1170 2544 repente
1182 2447 1292 2508 ostium
1311 2458 1342 2508 ιι

231 2533 320 2594 cellae
337 2549 445 2611 meque
460 2527 535 2591 nihil
550 2529 608 2590 tale
624 2539 827 2610 expectantem
842 2531 972 2606 inclusit,
985 2531 1160 2614 exemitque
1182 2531 1292 2616 raptim

231 2619 341 2681 clavem
360 2623 388 2677 et
403 2615 439 2678 ad
455 2615 503 2677 Git
490 2623 561 2678 otna
576 2615 658 2677 inves
660 2616 814 2716 ligandum
830 2617 968 2680 cucurrit

201 2775 202 2779 ¹
315 2703 448 2765 inclusus
464 2720 517 2798 egc
530 2702 690 2781 suspendio
704 2703 792 2766 vitam
804 2703 889 2764 linire
901 2703 1052 2764 constitui.
1088 2712 1117 2765 et
1128 2703 1188 2766 iarn
1201 2701 1287 2766 semi-

230 2790 337 2853 cinctio
354 2787 535 2850 detestantis
554 2788 590 2848 ad
610 2789 755 2886 parietem
776 2789 920 2887 spondam
935 2789 1086 2850 vinxeram
1102 2791 1288 2868 cervicesque

133 2953 136 2958 Δ
230 2876 309 2937 nodo
325 2873 496 2942 condebam,
512 2891 581 2934 curn
595 2875 734 2936 reseratis
749 2874 863 2936 loribus
879 2874 969 2937 intrat
983 2875 1146 2954 Eumolpus
1159 2895 1225 2939 curn
1236 2874 1287 2936 Gi·
1306 2883 1339 2934 30

231 2970 300 3024 tone
316 2978 423 3056 meque
438 2962 483 3020 al
469 2958 569 3020 fatali
562 2978 621 3021 1arn
633 2968 710 3023 meta
722 2967 839 3023 revocat
851 2961 886 3022 ad
897 2961 1003 3023 lucern.
1035 2961 1123 3023 Giton
1135 2961 1290 3042 praecipue

231 3068 266 3109 ex
282 3044 405 3109 dolore
396 3064 428 3106 nr
437 3039 555 3108 rabiem
571 3048 708 3108 elleratus
722 3045 800 3108 tollit
815 3047 982 3121 clamorem,
998 3067 1046 3110 me
1062 3053 1186 3126 utraque
1202 3064 1293 3110 manu

115 3205 120 3212 ,
230 3132 393 3214 impulsum
405 3129 587 3228 praecipitat
595 3151 687 3213 super
701 3127 966 3236 lectump‘erras'
971 3133 1070 3215 inquit
1098 3132 1242 3231 Encolpi,
1268 3131 1295 3194 si

126 3225 192 3278 '‘2“
229 3227 316 3300 putas
332 3215 505 3294 contingere
520 3221 617 3296 posse,
639 3225 673 3280 ut
694 3226 762 3281 ante
782 3237 826 3280 nee
850 3219 993 3281 moriaris.
1027 3218 1108 3299 prior
1134 3218 1236 3300 coepi3
1261 3219 1295 3280 in

229 3301 475 3386 Ascyltihospitio
491 3303 620 3380 gladium
633 3305 774 3385 quaesivi.
797 3323 850 3384 ego
863 3305 888 3367 si
901 3313 929 3366 te
941 3323 1001 3366 non
1014 3303 1205 3378 invenissem,
1220 3322 1293 3385 per·
1312 3309 1346 3360 ³5

230 3392 326 3453 iturus
346 3407 400 3470 per
415 3388 587 3469 praecipitia
610 3388 661 3450 lui.
696 3397 726 3451 et
746 3397 780 3452 ιιι
794 3391 870 3452 scias
884 3407 947 3451 non
963 3391 1048 3470 longe
1065 3409 1129 3452 esse
1146 3409 1295 3470 quaeren-

147 3526 149 3531 .
230 3477 462 3545 thasmonem,
484 3482 584 3554 specta
604 3475 740 3548 invicem,
762 3476 842 3556 quod
858 3494 906 3537 me
917 3483 1047 3559 spectare
1061 3475 1200 3537 voluisti!
1223 3476 1296 3554 haec

229 3563 347 3624 locutus
362 3561 567 3622 mercennario
583 3561 719 3642 Eumolpi
734 3561 906 3623 novaculam
927 3561 1003 3643 rapit
1018 3569 1047 3624 et
1061 3562 1154 3624 sernel
1168 3562 1296 3624 iterum-

229 3668 289 3729 que
305 3647 419 3709 cervicc
432 3663 572 3726 percussa
584 3655 652 3710 ante
664 3646 755 3728 pedes
769 3645 924 3709 collabitur
936 3656 1063 3711 nostros.
1097 3647 1227 3710 exclamo
1239 3665 1295 3728 ego

301 3841 331 3893 10
341 3843 515 3909 praepositum
527 3839 664 3906 Eumolpus
676 3840 707 3890 ad
721 3837 839 3890 Gitonem
852 3835 861 3905 ll
877 3839 906 3890 17
915 3855 970 3894 curn
981 3857 1027 3892 om
1041 3837 1102 3892 ltere·
1109 3837 1225 3907 pleraque
1238 3837 1248 3906 l
1262 3839 1293 3890 31

229 3908 333 3963 tramite
346 3910 452 3962 labatur
465 3907 474 3976 ll
488 3908 760 3977 suscepturumque
774 3921 811 3958 ne
