2860 4340
215 103 256 167 92
567 85 573 100 '
669 105 822 158 rnrnonn

215 261 331 322 liorem.
365 261 444 322 nulla
460 279 515 321 vox
531 269 576 321 est
592 281 669 341 quae
682 263 808 322 formam
825 262 886 323 eius
902 263 997 341 possit
1012 260 1279 342 comprehendere,
1294 259 1338 320 LO

215 365 284 408 nam
302 346 442 426 quicquid
456 347 570 419 dixero,
586 347 685 408 minus
701 346 766 408 erit.
801 348 899 409 crines
921 349 1041 428 ingenio
1063 368 1117 410 suo
1136 349 1206 409 ilexi
1227 367 1282 428 per

214 441 293 495 totos
308 451 341 493 se
355 450 476 493 umeros
492 433 665 505 effuderant,
682 434 764 510 frons
781 433 902 494 minima
924 440 954 494 et
969 453 1045 514 quae
1059 435 1172 495 radices
1187 435 1281 513 capil-

214 517 311 579 lorum
326 527 407 578 retro
422 519 551 591 flexerat,
577 518 732 598 supercilia
754 537 849 600 usque
871 520 906 580 ad
929 522 1073 581 malarum
1101 520 1279 600 scripturam

215 605 362 665 currentia
379 609 408 664 et
422 623 528 666 rursus
541 605 670 666 confinio
686 604 833 680 luminum
849 621 945 684 paene
957 607 1112 685 permixta,
1129 606 1207 668 oculi
1219 607 1281 671 ela·
1300 621 1316 671 5

214 690 306 751 riores
324 688 415 750 stellis
431 696 511 750 extra
531 690 632 751 lunam
653 690 847 769 fulgentibus,
872 709 959 752 nares
979 693 1132 771 paululum
1153 691 1282 752 inflexae

215 783 245 836 et
261 776 395 837 osculum
411 775 672 855 qualePraxiteles
689 777 798 838 habere
813 777 937 838 Dianam
953 777 1084 838 credidit.
1117 777 1174 838 iem
1193 793 1283 838 uren-

214 869 288 934 tum,
304 861 363 922 iam
380 861 484 932 cervix,
500 861 558 920 iam
575 881 692 934 manue,
712 861 768 922 iam
785 864 896 942 pedum
912 863 1024 924 candor
1038 864 1117 924 intra
1132 862 1196 923 auri
1213 881 1282 941 gra-

214 945 269 1008 cile
281 948 428 1008 vinculum
446 947 575 1026 positus:
602 947 723 1008 Parium
736 965 869 1009 marmor
883 949 1056 1011 extinxerat.
1089 949 1190 1028 itaque
1206 957 1282 1010 tunc

213 1033 344 1111 primum
359 1032 467 1094 Dorida
484 1042 568 1094 vetus
584 1040 698 1094 amator
713 1033 878 1113 contempsi
1302 1039 1334 1090 10

731 1145 750 1180 e
1173 1147 1174 1152 ,

315 1202 387 1284 quid
402 1203 515 1264 factum
531 1212 584 1277 est,
601 1204 679 1284 qnod
695 1210 728 1266 tu
745 1204 894 1283 proiectis,
910 1204 1052 1285 luppiter,
1067 1207 1156 1267 armis

359 1290 437 1350 inter
452 1288 605 1351 caelicolas
620 1289 718 1351 fabula
735 1298 816 1351 muta
831 1287 935 1352 taces?

314 1393 395 1435 nnnc
410 1381 475 1436 erat
490 1395 506 1436 3
521 1382 604 1436 torva
621 1375 799 1437 submittere
814 1395 924 1438 cornua
939 1377 1047 1450 fronte,

357 1477 440 1521 nunc
455 1461 554 1540 pluma
572 1478 661 1522 canos
679 1461 866 1523 dissimulare
882 1470 960 1523 tuos.

313 1545 385 1606 haec
399 1564 467 1607 vera
484 1553 529 1606 est
542 1547 653 1608 Danae.
687 1555 768 1609 tenta
784 1548 873 1609 modo
889 1555 1008 1626 tangere
1024 1563 1142 1626 corpur,
1304 1567 1334 1617 15

356 1631 414 1692 iam
426 1639 476 1694 tua
490 1629 674 1694 flammifero
683 1633 816 1694 membra
832 1633 927 1695 calore
942 1633 1036 1693 fluent

146 1797 205 1859 127
299 1803 442 1866 delectata
458 1804 505 1866 illa
520 1805 586 1865 risit
600 1811 662 1865 tem
678 1737 830 1878 blarbdum,
842 1793 887 1864 'ut
901 1804 1051 1865 videretur
1067 1802 1139 1864 mibi
1154 1804 1280 1882 plenum

213 1909 246 1950 os
262 1898 343 1950 extra
360 1891 470 1963 nubem
486 1892 556 1952 luna
571 1890 713 1969 prolerre.
738 1910 808 1953 mox
816 1890 914 1968 digitis
927 1888 1161 1970 gubernantibus
1174 1901 1281 1950 vocent

213 1975 250 2036 ‘si
265 1995 327 2037 non
341 1966 464 2037 fastidis’
485 1975 582 2054 inquit
603 1977 754 2038 ‘seminam
771 1984 905 2036 ornatam
924 1983 955 2035 et
970 1976 1025 2035 boc
1047 1974 1178 2055 primum
1198 1993 1281 2036 anno

212 2063 308 2123 virum
324 2070 486 2141 expertam,
504 2061 629 2122 concilio
644 2062 707 2134 tibi,
724 2062 877 2131 oiuvenis,
894 2078 1037 2122 sororem.
1062 2059 1151 2120 babes
1163 2067 1197 2120 tu
1209 2061 1286 2140 qui·¹
1300 2077 1334 2126 20

214 2150 282 2209 dem
297 2155 327 2208 et
342 2148 474 2221 fratrem,
490 2165 587 2226 neque
604 2147 683 2207 enim
697 2167 745 2208 me
760 2147 856 2226 piguit
870 2146 1036 2226 inquirere3
1052 2146 1103 2206 sed
1120 2145 1191 2224 quid
1207 2163 1281 2226 pro-

213 2234 296 2295 hibet
318 2241 346 2294 et
369 2251 503 2294 sororem
525 2231 689 2312 adoptare?
721 2233 831 2294 eodem
854 2235 945 2310 gradu
970 2231 1065 2292 venio.
1100 2238 1134 2291 tu
1159 2236 1280 2292 tanturn

214 2319 335 2397 dignare
351 2328 380 2379 et
396 2337 496 2380 meum
513 2319 657 2391 osculum,
672 2337 739 2380 eum
753 2317 881 2388 libuerit,
894 2315 1072 2396 agnoscere.²
1107 2315 1217 2378 ‘immo’
1229 2316 1282 2378 in-

215 2423 302 2485 quam
321 2423 374 2483 ego
391 2405 590 2484 ‘performam
606 2411 688 2466 tuam
698 2411 817 2484 ter-ogo,
840 2422 879 2464 na
894 2404 1024 2465 fastidias
1040 2402 1195 2464 bominem
1209 2419 1281 2481 par-

214 2491 349 2570 egrinum
371 2490 451 2551 inter
470 2490 599 2552 cultores
629 2491 793 2552 admittere.
826 2490 959 2551 invenies
984 2487 1170 2567 religiosum,
1198 2487 1223 2547 si
1250 2495 1282 2548 te
1300 2500 1335 2552 25

214 2577 329 2638 adorari
344 2576 523 2656 permiseris.
562 2596 595 2639 ae
608 2593 648 2637 ne
664 2595 712 2638 me
728 2577 840 2638 iudices
864 2576 900 2636 ad
920 2577 978 2635 boc
996 2574 1142 2654 templum
1161 2573 1281 2634 Amoris

214 2663 305 2741 gratis
331 2663 480 2735 accedere,
507 2664 586 2723 dono
604 2662 660 2724 tibi
680 2666 803 2723 fratrem
826 2661 947 2721 meum'
982 2657 1089 2740 ‘quid‘l
1114 2659 1155 2720 tu’
1182 2658 1282 2738 inquit

212 2750 260 2809 illa
276 2749 381 2810 ‘donas
398 2748 469 2808 mibi
485 2765 562 2820 eum,
578 2749 643 2808 sine
659 2766 718 2828 quo
734 2765 796 2808 non
812 2753 896 2827 potes
915 2746 1018 2818 vivere,
1034 2763 1070 2806 ex
1082 2745 1166 2807 euius
1178 2743 1281 2805 osculo

213 2835 338 2914 pendes,
366 2851 454 2913 quern
470 2833 556 2894 sictu
572 2839 660 2904 amas,
689 2832 940 2913 quemadmodum
967 2849 1020 2910 ego
1036 2839 1065 2892 te
1080 2827 1181 2890 volo?
1207 2829 1282 2890 hece

212 2921 277 2998 ipsa
293 2937 360 2979 cum
377 2918 495 2990 diceret,
517 2925 597 2980 tanta
613 2919 705 2996 gratia
722 2917 895 2979 conciliabat
912 2935 1016 2978 »vocem
1037 2915 1196 2996 loquentis,
1217 2922 1280 2976 tam
1300 2931 1335 2980 30

214 3005 308 3066 dulcis
323 3023 416 3065 sonus
431 3011 632 3084 pertentatum
650 3004 797 3066 mulcebat
812 3020 888 3075 aera,
909 3010 944 3064 ut
959 3009 1077 3082 putares
1099 3002 1178 3062 inter
1192 3018 1281 3061 auras

214 3107 319 3152 canere
336 3090 476 3151 Sirenum
493 3090 693 3151 concordiam.
727 3090 826 3169 itaque
842 3089 963 3150 miranti
985 3095 1015 3148 et
1030 3094 1093 3148 toto
1109 3086 1183 3146 mibi
1200 3088 1280 3147 eaelo

214 3177 320 3238 clarius
336 3176 437 3237 neseio
454 3177 523 3256 quid
538 3175 690 3236 relucente
705 3175 792 3237 libuit
812 3176 882 3236 deae
903 3191 1012 3235 nomen
1035 3191 1187 3252 quaerere.
1221 3171 1281 3232 ‘ita'

213 3263 311 3341 inquit
332 3265 403 3323 ‘non
419 3263 491 3322 dixit
504 3258 558 3323 tibi
575 3262 677 3323 aneilla
694 3279 759 3322 men
777 3279 824 3322 me
847 3261 951 3322 Circen
974 3256 1093 3320 vocari?
1127 3273 1189 3319 non
1212 3275 1280 3340 sum

214 3349 332 3429 quidem
349 3348 425 3409 Solis
441 3347 606 3427 progenies,
629 3365 683 3408 nee
705 3365 772 3408 mea
794 3353 900 3418 mater,
927 3347 997 3408 dum
1019 3346 1123 3425 placet,
1150 3340 1280 3404 labentis
1301 3361 1334 3410 35

214 3434 319 3496 mundi
335 3451 457 3494 cursum
474 3434 610 3494 detinuit.
638 3432 754 3494 habebo
769 3439 870 3494 tamen
887 3432 965 3512 quod
981 3432 1061 3494 caelo
1077 3431 1234 3510 imputem,
1255 3429 1282 3490 si
1347 3456 1351 3462 ·

282 3606 459 3658 retriutorem
484 3602 624 3654 Gecsrrerus
637 3600 646 3670 11
666 3603 680 3654 'l
698 3603 767 3652 deam
780 3603 876 3651 conieci
887 3598 895 3666 11
912 3601 942 3651 l'l
952 3599 1014 3658 mihi
1026 3605 1101 3649 extra
1117 3597 1206 3648 nubem
1220 3596 1283 3648 luna

214 3681 289 3739 capnt
302 3672 415 3739 proferre
431 3673 449 3723 L
462 3670 471 3740 1
488 3671 517 3724 19
530 3671 660 3723 mulierem
676 3669 695 3722 L
708 3669 717 3738 11
730 3671 762 3720 21
776 3668 863 3735 quidni
874 3669 958 3734 inquit
971 3666 980 3735 11
994 3667 1022 3717 31
1036 3681 1111 3717 aures
1126 3667 1145 3718 0
1158 3665 1167 3734 11
1180 3665 1282 3730 32for-

214 3747 284 3793 tasse
298 3742 400 3792 miranti
412 3743 475 3792 mihi
493 3747 547 3791 toto
564 3743 588 3790 et
605 3739 775 3802 relucentem,
791 3741 844 3786 uisi
859 3738 967 3803 speciem
984 3736 1089 3804 plurave
1100 3739 1159 3804 post
1176 3735 1283 3785 miranti

211 3813 396 3946 propltio-emisso
407 3815 469 3861 suot
481 3808 490 3878 11
504 3809 536 3859 34
549 3809 648 3860 Circem
661 3823 699 3859 me
713 3809 825 3876 plerique
836 3805 896 3857 labri
906 3804 915 3874 11
929 3806 960 3855 35
972 3807 1087 3871 sortasse
1096 3805 1153 3854 dum
1166 3804 1213 3853 deo
1226 3803 1282 3868 plu-

214 3888 256 3931 cet
292 3880 323 3929 36
335 3879 447 3930 habeoL
