2860 4340
214 133 255 198 66
664 133 820 188 ruruuutl

214 291 294 370 quod
310 290 392 362 dicis,
408 309 476 352 ecee
488 291 575 353 etiam
589 291 688 352 osculo
701 289 777 352 iram
789 290 869 352 linio.
900 291 1009 371 itaque,
1026 291 1106 370 quod
1118 288 1194 352 hene
1210 308 1279 350 ere·
1299 289 1322 341 L

214 377 285 450 niat4
309 377 445 457 expedite
467 378 628 440 sarcinulas
648 385 678 438 ct
699 377 745 438 vel
760 376 919 458 sequimini
940 377 1064 450 mavei,
1087 375 1112 437 si
1133 377 1279 449 mavultis,

213 462 331 525 ducite)
365 463 460 525 adhuc
471 464 656 544 loquebatur,
669 479 737 524 cum
749 461 864 541 crepuit
875 462 985 523 ostium
996 462 1166 542 impulsum,
1181 463 1279 524 stetit-

213 565 272 627 que
287 549 318 611 in
333 548 436 610 limine
451 549 549 611 barbis
563 545 755 610 horrentibus
770 555 859 610 nauta
875 556 904 608 ct
925 547 1067 609 ‘moraris'
1087 547 1184 627 inquit
1208 549 1279 609 ‘Eu-

166 705 172 714 ,
213 634 321 714 molpe‚
337 644 480 715 tanquam
495 634 674 715 propudium
691 633 828 712 ignores!
863 632 942 695 haud
959 651 1057 705 mora,
1080 650 1183 694 omnes
1204 653 1277 695 con·
1296 647 1312 696 5

213 719 371 798 surgimus,
388 729 417 781 et
431 719 597 800 Eumolpus
613 718 733 800 quidem
756 719 995 781 mercennarium
1016 736 1105 780 suum
1125 719 1185 780 iam
1207 719 1278 780 olim
1341 787 1344 797 f

213 805 411 868 dormientem
427 805 507 867 exire
522 823 589 867 cum
605 803 729 866 sarcinis
744 804 834 866 iubet.
868 821 921 884 ego
937 823 1004 866 cum
1020 804 1128 866 Gitone
1140 802 1280 885 quioquid

213 898 286 965 erat,
302 891 333 953 in
348 890 406 953 iter
421 909 567 972 compono
583 897 613 952 ct
627 889 754 954 adoratis
770 889 916 952 sideribus
932 889 1011 952 intro
1026 889 1177 970 navigium

355 999 358 1006 ’
729 1000 748 1036 lt

143 1049 203 1110 100
226 1083 227 1090 ¹
298 1062 465 1124 ‘molestum
482 1067 527 1122 est
542 1061 622 1142 quod
633 1079 709 1141 puer
723 1059 831 1142 hospiti
845 1060 949 1141 placet.
984 1058 1055 1140 quid
1071 1057 1196 1122 autem?
1215 1079 1277 1123 non

212 1164 372 1209 commune
387 1153 442 1219 cst,
458 1148 537 1227 quod
553 1155 659 1209 natura
675 1147 822 1226 optimum
843 1143 937 1208 lecit?
959 1146 1003 1207 sol
1025 1141 1166 1209 omuibus
1187 1146 1274 1210 lucet.
1296 1153 1329 1204 1⁰

211 1232 282 1294 luna
297 1231 563 1298 innumerabilibus
579 1231 716 1294 comitata
732 1231 877 1293 sideribus
890 1231 978 1293 etiam
992 1231 1070 1293 ieras
1082 1230 1162 1293 ducit
1175 1233 1211 1293 ad
1223 1251 1276 1314 pa-

211 1315 323 1380 bulum.
359 1317 429 1399 quid
446 1318 529 1398 aquis
541 1317 769 1380 dioilormosius
781 1314 903 1396 potest?
925 1317 957 1377 in
968 1316 1086 1396 publico
1098 1326 1199 1378 tamen
1213 1335 1277 1380 ma·
1300 1317 1304 1328 '

211 1412 295 1465 nant.
338 1405 420 1465 solus
435 1421 504 1482 ergo
520 1421 603 1465 amor
625 1404 737 1464 lurtum
763 1403 861 1484 potius
888 1417 976 1484 quarn
1003 1402 1170 1482 praemium
1197 1401 1277 1465 erit?

211 1490 304 1550 immo
329 1505 399 1550 raro
427 1490 495 1550 nolo
521 1489 630 1551 hahere
644 1486 741 1559 bona,
768 1488 825 1549 nisi
847 1487 954 1569 quibus
976 1488 1103 1567 populus
1127 1488 1274 1552 inviderit.

210 1593 298 1648 unus,
314 1583 344 1636 et
359 1594 458 1648 senex,
475 1593 537 1636 non
553 1575 608 1636 erit
623 1574 734 1653 gravis3
756 1574 847 1635 etiam
869 1591 937 1635 eum
952 1573 1077 1634 voluerit
1097 1573 1206 1654 abquid
1222 1595 1274 1637 su·
1294 1582 1327 1634 15

210 1679 307 1733 mere,
336 1678 410 1740 opus
443 1660 574 1722 anhelitu
596 1658 720 1740 prodet’
767 1659 840 1720 haee
862 1667 895 1721 ut
920 1659 998 1720 intra
1023 1659 1163 1720 fiduciam
1189 1661 1275 1740 posui

209 1743 403 1828 fraudavique
415 1746 548 1808 animum
560 1744 762 1817 dissidentem,
779 1744 861 1826 coepi
872 1761 1013 1806 somnum
1024 1744 1131 1807 obruto
1143 1746 1275 1809 tunicula

211 1832 306 1912 capite
322 1830 452 1894 mentiri.
1338 1887 1341 1894 .

294 1917 347 1978 sed
368 1926 493 1997 repente
518 1915 602 1995 quasi
624 1914 797 1978 destruente
816 1916 936 1978 fortuna
957 1914 1155 1976 constantiam
1177 1933 1274 1978 meam

211 2001 356 2064 eiusmodi
370 2021 425 2064 vox
440 2019 530 2082 super
544 2008 726 2062 constratum
741 2001 849 2081 puppis
865 1999 1047 2081 congemuit:
1065 2002 1144 2079 ‘ergo
1158 2020 1205 2062 me
1222 2002 1275 2064 de·
1293 2011 1327 2062 to

208 2085 308 2150 risit‘l’
341 2095 370 2150 ct
385 2089 458 2150 haec
473 2086 593 2169 quidem
608 2086 698 2147 virilis
710 2089 744 2148 'et
765 2102 861 2167 paene
883 2087 1004 2150 auribus
1028 2086 1101 2148 meis
1122 2087 1276 2151 famiharis

210 2173 345 2234 animum
370 2173 563 2253 palpitantem
587 2172 743 2251 percussit.
792 2180 925 2234 ceterum
947 2173 1050 2233 eadem
1072 2171 1276 2252 indignatione

209 2259 317 2320 mulier
330 2260 455 2321 lacerata
470 2256 594 2320 ulterius
610 2257 765 2319 excanduit
781 2266 810 2319 ct
822 2257 857 2319 ‘si
872 2257 938 2338 quis
951 2259 1022 2319 deus
1040 2257 1179 2320 manibus
1193 2259 1274 2322 meis'

139 2417 144 2432 ι
207 2343 307 2425 inquit
322 2344 437 2406 ‘Gitona
452 2344 629 2424 imponeret,
653 2343 834 2423 quambene
849 2343 965 2404 exulem
980 2341 1167 2423 exciperent'.
1192 2353 1275 2406 uter-

147 2425 149 2429 ’
198 2421 267 2510 'que
282 2438 421 2491 nostrum
442 2438 503 2493 tarn
523 2429 708 2507 inexpectato
734 2429 810 2490 ictus
832 2449 906 2491 sono
928 2428 1067 2491 amiserat
1087 2428 1274 2509 sanguinem.
1293 2440 1327 2493 25

209 2533 264 2594 ego
280 2516 434 2596 praecipue
449 2514 534 2596 quasi
549 2511 666 2574 somnio
682 2515 810 2596 quodam
824 2515 997 2576 turbulento
1013 2515 1208 2576 circumactus
1224 2515 1276 2578 diu

208 2620 311 2662 vocem
328 2601 430 2679 collegi
444 2598 711 2680 tremebundisque
724 2599 860 2662 manibus
872 2599 1009 2679 Eumolpi
1020 2600 1079 2662 iarn
1090 2600 1123 2661 in
1134 2619 1275 2680 soporem

208 2686 336 2747 labentis
351 2686 488 2748 laciniam
505 2684 574 2748 duxi
589 2692 619 2744 et
634 2689 699 2764 ‘per
713 2685 810 2748 lidem'
832 2686 955 2766 inquam
972 2692 1074 2765 pater,
1102 2685 1186 2748 cuius
1201 2687 1275 2749 haee

209 2767 363 2844 natusest,
385 2779 437 2833 aut
452 2788 528 2852 quos
542 2767 639 2843 vehat,
661 2767 897 2850 discrepotesi’
931 2770 1114 2851 inquietatus
1137 2769 1185 2834 ille
1205 2791 1272 2834 mo-

207 2857 283 2918 leste
298 2856 366 2918 tulit
382 2863 412 2916 et
427 2857 493 2917 ‘hoc
508 2853 579 2917 erat’
593 2853 693 2934 inquit
707 2856 798 2938 ‘quod
810 2856 959 2936 placuerat
971 2855 1034 2929 tibi,
1051 2863 1186 2936 utsupra
1199 2869 1315 2921 con-30

207 2949 335 3003 stratum
348 2941 431 3003 navis
447 2956 658 3021 occuparemus
673 2941 908 3004 secretissimum
921 2940 1029 3008 locum,
1052 2961 1090 3002 ne
1110 2959 1166 3003 nos
1187 2949 1273 3022 pate-

207 3026 283 3088 reris
298 3024 509 3107 requiescere?
532 3024 603 3107 quid
618 3042 708 3105 porro
720 3028 756 3090 ad
772 3046 835 3088 rem
848 3027 988 3106 pertinet,
1004 3027 1029 3088 si
1040 3027 1140 3088 dixero
1152 3025 1273 3090 Licham

200 3113 403 3175 'Tarentinum
416 3131 480 3174 esse
492 3111 647 3173 dominum
656 3111 778 3177 huiusce
789 3111 907 3192 navigii,
923 3112 974 3193 qui
982 3111 1186 3192 Tryphaenam
1199 3133 1272 3176 exu-

139 3199 194 3260 101
208 3197 266 3259 lem
283 3197 444 3260 Tarentum
460 3193 568 3260 lerat‘l’
590 3196 734 3260 intremui
749 3206 816 3278 post
835 3197 892 3259 boc
911 3196 1026 3259 fulmen
1049 3197 1203 3271 attonitus,
1223 3199 1273 3261 iu-

207 3283 335 3364 guloque
360 3283 476 3346 detecto
499 3280 674 3365 ‘aliquando’
696 3283 820 3364 inquam
842 3287 951 3346 ‘totum
977 3301 1035 3355 me,
1059 3283 1199 3356 Fortuna,
1228 3285 1273 3346 vi-
1290 3294 1326 3346 ³5
1419 3347 1420 3352 ,

207 3369 289 3430 cisti'.
322 3387 392 3431 nam
408 3369 498 3430 Giton
514 3369 635 3450 quidem
654 3385 744 3450 super
757 3373 861 3448 pectus
883 3387 983 3430 meum
1003 3369 1119 3448 positus
1140 3369 1190 3430 diu
1206 3369 1273 3432 ani·

207 3473 287 3516 mam
303 3454 370 3532 egit.
400 3454 508 3516 deinde
522 3463 557 3516 ut
572 3453 683 3515 ellusus
695 3454 788 3516 sudor
797 3452 952 3534 utriusque
964 3453 1103 3533 spiritum
1115 3455 1273 3528 revocavit,

208 3539 419 3620 comprehendi
433 3539 571 3621 Eumolpi
586 3553 683 3620 genua
698 3549 729 3602 et
748 3538 910 3602 ‘miserere’
930 3537 1054 3619 inquam
1070 3539 1273 3602 ‘morientium

208 3713 421 3728 hunt-——n—-n

278 3821 293 3870 b
307 3822 489 3888 properandum
504 3817 657 3874 Percussum
670 3818 680 3888 ll
693 3820 708 3870 8
721 3819 748 3870 ἰιι
760 3815 849 3886 alterss
864 3819 895 3874 10
912 3817 1004 3872 lecerit
1015 3815 1150 3955 (loritegie
1161 3819 1172 3887 ΙΙ
1187 3819 1217 3874 16
1231 3821 1273 3872 iu·

208 3885 247 3938 lm
261 3885 270 3955 ΙΙ
286 3889 315 3941 ll
329 3889 483 3942 diffidentem
496 3889 583 3942 Doara
596 3888 606 3958 ll
619 3889 648 3940 tt
664 3896 691 3940 at
701 3889 764 3940 haee
779 3887 784 3954 Ι
792 3887 912 3955 sortasse
925 3885 1015 3955 placei
1034 3889 1067 3940 24
1080 3889 1212 3954 exciperet
