2860 4340
584 109 744 170 surtran,
1125 114 1187 189 105Ι
1275 79 1278 86 ’

65 275 85 328 t
116 277 237 332 struere
253 269 375 332 iuvenes
391 267 522 350 quotide
536 275 646 348 posset.
670 267 712 333 ,ad
728 285 887 342 summam,
902 267 1072 349 relinquere
1083 289 1116 330 se
1132 287 1188 350 pu-

114 375 184 419 eros
200 356 234 416 in
250 357 340 417 domo
356 354 504 433 Eumolpi,
518 361 552 414 ut
567 354 650 416 illum
659 353 835 434 loquentem
846 355 985 419 audirent
999 415 1001 422 .

115 461 193 522 quae
214 441 280 502 sola
302 449 403 520 posset
422 439 570 502 hereditas
590 439 743 501 iuvenibus
765 439 836 501 dari.
877 460 932 502 nec
954 441 1039 503 aliter
1060 441 1131 504 lecit
1153 460 1186 504 ac

116 530 242 600 dixerat,
259 526 408 606 filiamque
423 525 673 606 speciosissimam
688 545 755 588 cum
772 529 863 594 tratre
876 527 990 606 ephebo
1006 527 1038 589 in
1054 527 1187 588 cubiculo
1232 571 1234 576 ,

84 629 98 676 5
117 613 241 693 reliquit
263 611 470 692 simulavitque
491 632 523 673 se
545 612 576 672 in
595 612 741 691 templum
766 611 868 672 ire'ad
889 619 954 674 vota
979 614 1186 692 nuncupanda.

120 699 297 779 Eumolpus,
314 697 364 777 qui
379 706 439 759 tam
456 697 532 776 irugi
550 705 612 763 erat
626 707 661 760 ut
676 695 715 758 illi
733 696 820 758 etiam
832 717 886 777 ego
898 718 972 779 puer
983 699 1109 777 viderer,
1125 717 1186 763 non

124 785 237 846 distulit
253 785 382 865 puellam
399 783 527 844 invitare
540 783 576 845 ad
592 783 731 864 pigiciaca
746 802 839 844 sacra.
869 784 921 845 sed
945 792 975 846 et
996 784 1189 865 podagricum

123 891 153 933 se
167 891 236 932 esse
251 869 481 949 lumborumque
495 870 660 930 solutorum
670 865 815 931 'omnibus
831 869 953 942 dixerat,
970 879 999 932 et
1012 871 1036 932 si
1048 889 1111 931 non
1123 891 1188 932 ser-

121 965 219 1018 vasset
230 957 376 1036 integram
384 954 613 1030 simulationem,
629 955 849 1036 periclitabatur
860 964 951 1019 totam
964 975 1058 1038 paene
1070 965 1188 1036 tragoe-

76 1055 103 1107 10
120 1043 199 1105 diam
217 1050 363 1104 evertere.
391 1042 492 1120 itaque
507 1049 540 1102 ut
553 1049 703 1104 constaret
713 1041 866 1103 mendacio
879 1041 961 1118 fidae,
977 1042 1105 1123 puellam
1121 1043 1187 1124 qui-

119 1131 186 1190 dem
205 1128 346 1202 exoravit,
362 1135 396 1190 ut
411 1127 530 1208 sederet
542 1145 632 1208 super
644 1127 881 1189 commendatam
894 1129 1069 1204 bonitatem,
1086 1129 1187 1192 Coraci

119 1223 220 1277 autem
236 1213 403 1294 imperavit,
419 1221 452 1274 ut
467 1214 587 1285 lectum,
602 1212 633 1274 in
650 1232 708 1294 quo
725 1212 787 1292 ipse
799 1213 921 1288 iacebat,
938 1214 1051 1276 subiret
1065 1215 1187 1295 positis-

121 1321 179 1381 que
196 1299 228 1360 in
244 1300 416 1380 pavimento
432 1300 569 1362 manibus
585 1297 739 1362 dominum
761 1297 871 1359 lumbis
892 1301 953 1362 suis
974 1308 1186 1363 commoveret.

120 1387 168 1448 ibe
184 1387 268 1447 lente
283 1385 407 1466 parebat
427 1385 551 1465 imperio
573 1386 748 1466 puellaeque
768 1384 924 1447 artificium
948 1387 1011 1467 pari
1033 1394 1117 1449 motu
1139 1407 1187 1450 re-

79 1470 308 1538 remunerabat.
343 1491 410 1532 cum
435 1489 504 1550 ergo
519 1490 568 1532 res
584 1473 620 1533 ad
640 1472 773 1532 ellectum
791 1479 946 1551 spectaret,
968 1473 1044 1534 clara
1065 1473 1189 1534 Eumol-

119 1578 175 1639 pus
192 1576 266 1618 voee
282 1556 491 1619 exhortabatur
507 1557 623 1630 Coraca,
649 1565 682 1618 ut
701 1557 842 1636 spissaret
865 1557 1006 1618 officium.
1040 1559 1082 1620 sic
1108 1561 1189 1620 inter

120 1643 362 1722 mercennarium
378 1643 564 1722 amicamque
576 1644 692 1724 positus
704 1662 794 1704 senex
806 1642 896 1703 veluti
908 1644 1092 1706 oscillatione
1102 1646 1187 1706 lude-

119 1730 180 1791 bat.
216 1729 274 1790 hoc
289 1729 382 1790 semel
400 1730 571 1808 iterumque
592 1729 706 1807 ingenti
729 1729 802 1798 risu,
825 1728 911 1789 etiam
935 1747 1000 1800 suo,
1022 1727 1188 1810 Eumolpus

122 1816 244 1878 lecerat.
278 1814 378 1894 itaque
393 1833 447 1893 ego
464 1833 592 1894 quoque,
615 1833 654 1876 ne
676 1813 788 1874 desidia
810 1814 1059 1875 consuetudinem
1081 1817 1188 1896 perde-

77 1912 107 1961 nt
124 1920 198 1973 rem,
215 1901 289 1962 dum
304 1901 396 1963 frater
410 1899 520 1962 sororis
535 1917 605 1961 suae
622 1906 771 1960 automata
792 1917 846 1979 per
867 1900 1031 1962 clostellum
1054 1903 1187 1978 miratur,

126 1987 235 2048 accessi
258 1993 436 2058 tentaturus,
462 2005 499 2048 an
522 1994 674 2065 pateretur
694 1985 846 2047 iniuriam.
880 2003 937 2047 nec
958 2005 991 2049 se
1013 1987 1152 2050 reiciebat
1173 2005 1189 2049 a

125 2071 274 2134 blanditiis
290 2072 480 2134 doctissimus
495 2090 581 2152 puer,
598 2071 648 2133 sed
665 2091 714 2132 me
730 2090 843 2133 numen
855 2069 1009 2134 inimicum
1022 2074 1062 2136 ibi
1071 2093 1189 2155 quoque

123 2157 237 2220 invenit

639 2261 658 2298 te

210 2329 263 2391 ‘dii
277 2329 404 2390 maiores
420 2336 500 2399 sunt,
516 2329 567 2410 qui
582 2349 630 2390 me
642 2329 839 2390 restituerunt
849 2329 882 2389 in
894 2329 1050 2409 integrum.
1073 2329 1190 2393 Mercu-

75 2422 106 2472 25
123 2417 187 2478 rius
202 2415 295 2488 enim,
311 2414 362 2495 qui
377 2413 491 2475 animas
515 2415 624 2477 ducere
640 2421 670 2476 et
684 2413 830 2476 reducere
849 2415 934 2492 solet,
955 2414 1017 2476 suis
1040 2415 1189 2479 beneficiis

121 2501 254 2563 reddidit
269 2501 354 2574 mibi,
368 2501 448 2580 quod
460 2517 565 2566 manus
579 2499 650 2562 irata
665 2499 856 2581 praeciderat,
878 2506 911 2561 ut
926 2501 1001 2561 scias
1018 2521 1065 2562 me
1078 2503 1188 2580 gratio-

123 2587 236 2649 siorem
253 2606 319 2647 esse
334 2605 422 2666 quam
439 2586 637 2647 Protesilaum
661 2593 711 2646 aut
735 2603 915 2665 quemquam
939 2586 1029 2648 alium
1050 2587 1190 2667 antiquo-

122 2671 212 2736 rum'
247 2671 450 2734 haeclocutus
467 2672 574 2733 sustuli
588 2673 719 2734 tunicam
734 2670 942 2752 Eumolpoque
958 2691 1006 2733 me
1022 2680 1118 2734 totum
1135 2693 1187 2756 ap-

122 2758 254 2839 probavi.
289 2766 319 2820 at
333 2757 381 2820 ille
395 2757 492 2838 primo
509 2757 670 2832 exhorruit,
693 2757 798 2818 deinde
818 2760 852 2817 ut
866 2757 1029 2838 plurimum
1044 2760 1188 2836 crederet,

72 2859 104 2908 30
122 2853 250 2924 utraque
266 2862 355 2906 manu
373 2844 498 2905 deorum
515 2844 657 2908 benelioia
672 2850 779 2905 tractat

640 2951 659 2986 il·

210 3013 367 3099 ‘Socrates
384 3014 509 3076 deorum
525 3013 742 3093 hominumque
761 3035 778 3070 a
804 3061 810 3086 ‚
828 3013 946 3093 gloriari
963 3013 1086 3088 solebat,
1110 3017 1190 3095 quod

125 3117 281 3181 nunquam
296 3120 394 3182 neque
408 3101 440 3162 in
456 3101 611 3162 tabernam
627 3108 822 3186 conspexerat
835 3118 890 3161 nec
907 3101 992 3162 ullius
1007 3100 1112 3163 turbae
1126 3102 1189 3163 ire-

124 3187 293 3268 quentioris
310 3187 435 3249 concilio
453 3187 553 3248 oculos
570 3205 640 3247 suos
657 3185 831 3248 crediderat.
867 3183 940 3247 adeo
956 3187 1031 3248 nihil
1046 3195 1089 3248 est
1106 3206 1190 3248 com·

125 3273 245 3335 modius
261 3291 350 3352 quam
366 3291 484 3353 semper
500 3291 567 3334 cum
584 3271 730 3351 sapientia
745 3271 846 3350 loqui'
1069 3327 1088 3332 ..
1108 3268 1111 3274 ’

74 3365 107 3417 35
214 3358 333 3420 ‘omnia’
348 3357 472 3438 inquam
489 3359 553 3420 ‘ista
571 3376 637 3419 vera
654 3365 741 3430 sunt3
756 3377 812 3418 nec
827 3356 877 3416 ulli
894 3356 975 3417 enim
991 3358 1117 3420 celerius
1133 3359 1189 3420 bo·

125 3445 224 3507 mines
239 3443 371 3507 incidere
387 3442 497 3506 debent
519 3445 550 3506 in
567 3444 675 3505 malam
690 3444 852 3512 fortunam,
873 3461 962 3522 quarn
983 3444 1034 3522 qui
1059 3445 1187 3506 ahenum

125 3531 350 3609 concupiscunt.
381 3531 465 3591 ‚unde
479 3531 558 3610 plani
575 3538 685 3598 autem,
707 3530 786 3590 unde
805 3530 947 3590 levatores
962 3529 1107 3602 viverent,
1129 3529 1188 3590 nisi

124 3625 176 3678 aut
191 3615 309 3677 locellos
325 3623 376 3678 aut
390 3625 531 3678 sonantes
552 3635 619 3677 aere
634 3615 756 3676 sacellos
772 3632 825 3694 pro
838 3614 933 3675 hamis
945 3613 977 3675 in
988 3616 1105 3685 turbam
1118 3616 1188 3677 mit-

196 3820 337 3885 'lfortoaae
353 3816 480 3885 physicen
500 3817 528 3866 ll
541 3816 619 3866 lento.
638 3818 761 3866 caniacum
777 3815 890 3880 fortasse
908 3811 1034 3882 impulsui
1056 3813 1188 3880 puellaque

126 3887 241 3957 Ceperat
253 3885 262 3954 ll
276 3887 308 3938 30
320 3885 469 3938 beneficium
481 3883 663 3950 Soola‘geraees
