<?xml version="1.0" encoding="UTF-8"?>
<!DOCTYPE html PUBLIC "-//W3C//DTD XHTML 1.0 Transitional//EN"
    "http://www.w3.org/TR/xhtml1/DTD/xhtml1-transitional.dtd">
<html xmlns="http://www.w3.org/1999/xhtml" xml:lang="en" lang="en">
 <head>
  <title>
</title>
<meta http-equiv="Content-Type" content="text/html;charset=utf-8" />
  <meta name='ocr-system' content='tesseract 3.04.00' />
  <meta name='ocr-capabilities' content='ocr_page ocr_carea ocr_par ocr_line ocrx_word'/>
</head>
<body>
  <div class='ocr_page' id='page_1' title='image "./satiraeetliberp00buecgoog_0157.png"; bbox 0 0 2862 4342; ppageno 0'>
   <div class='ocr_carea' id='block_1_1' title="bbox 687 53 838 112">
    <p class='ocr_par' dir='ltr' id='par_1_1' title="bbox 687 53 838 112">
     <span class='ocr_line' id='line_1_1' title="bbox 687 53 838 112; baseline 0 -2"><span class='ocrx_word' id='word_1_1' title='bbox 687 53 838 112; x_wconf 72' lang='lat' dir='ltr'>cannula</span> 
     </span>
    </p>
   </div>
   <div class='ocr_carea' id='block_1_2' title="bbox 752 212 788 272">
    <p class='ocr_par' dir='ltr' id='par_1_2' title="bbox 752 212 788 272">
     <span class='ocr_line' id='line_1_2' title="bbox 752 212 788 272; baseline 0 0"><span class='ocrx_word' id='word_1_2' title='bbox 752 212 788 272; x_wconf 94' lang='lat' dir='ltr'>LI</span> 
     </span>
    </p>
   </div>
   <div class='ocr_carea' id='block_1_3' title="bbox 272 314 1140 2698">
    <p class='ocr_par' dir='ltr' id='par_1_3' title="bbox 337 314 1030 650">
     <span class='ocr_line' id='line_1_3' title="bbox 343 314 1030 395; baseline 0.003 -18"><span class='ocrx_word' id='word_1_3' title='bbox 343 315 421 389; x_wconf 87' lang='lat' dir='ltr'><strong>Quid</strong></span> <span class='ocrx_word' id='word_1_4' title='bbox 435 314 492 375; x_wconf 90' lang='lat' dir='ltr'>hcc</span> <span class='ocrx_word' id='word_1_5' title='bbox 508 314 607 392; x_wconf 79' lang='lat' dir='ltr'>negoti</span> <span class='ocrx_word' id='word_1_6' title='bbox 624 321 667 374; x_wconf 83' lang='lat' dir='ltr'>est</span> <span class='ocrx_word' id='word_1_7' title='bbox 683 333 778 393; x_wconf 90' lang='lat' dir='ltr'>quave</span> <span class='ocrx_word' id='word_1_8' title='bbox 793 315 928 395; x_wconf 88' lang='lat' dir='ltr'>suspicer</span> <span class='ocrx_word' id='word_1_9' title='bbox 943 335 1030 379; x_wconf 87' lang='lat' dir='ltr'>causa</span> 
     </span>
     <span class='ocr_line' id='line_1_4' title="bbox 343 399 1007 479; baseline 0.002 -17"><span class='ocrx_word' id='word_1_10' title='bbox 343 400 445 463; x_wconf 86' lang='lat' dir='ltr'>venire</span> <span class='ocrx_word' id='word_1_11' title='bbox 460 399 491 459; x_wconf 93' lang='lat' dir='ltr'>in</span> <span class='ocrx_word' id='word_1_12' title='bbox 505 399 627 461; x_wconf 87' lang='lat' dir='ltr'>hortum</span> <span class='ocrx_word' id='word_1_13' title='bbox 641 399 785 479; x_wconf 88' lang='lat' dir='ltr'>plurimos</span> <span class='ocrx_word' id='word_1_14' title='bbox 801 419 901 461; x_wconf 89' lang='lat' dir='ltr'>meum</span> <span class='ocrx_word' id='word_1_15' title='bbox 917 405 1007 476; x_wconf 89' lang='lat' dir='ltr'>lures,</span> 
     </span>
     <span class='ocr_line' id='line_1_5' title="bbox 344 483 1009 566; baseline 0.002 -18"><span class='ocrx_word' id='word_1_16' title='bbox 344 505 411 548; x_wconf 92' lang='lat' dir='ltr'>cum</span> <span class='ocrx_word' id='word_1_17' title='bbox 427 484 561 564; x_wconf 90' lang='lat' dir='ltr'>quisquis</span> <span class='ocrx_word' id='word_1_18' title='bbox 576 483 607 545; x_wconf 95' lang='lat' dir='ltr'>in</span> <span class='ocrx_word' id='word_1_19' title='bbox 623 503 678 546; x_wconf 87' lang='lat' dir='ltr'>nos</span> <span class='ocrx_word' id='word_1_20' title='bbox 694 484 806 558; x_wconf 85' lang='lat' dir='ltr'>incidit,</span> <span class='ocrx_word' id='word_1_21' title='bbox 820 486 883 546; x_wconf 85' lang='lat' dir='ltr'>luat</span> <span class='ocrx_word' id='word_1_22' title='bbox 897 505 1009 566; x_wconf 88' lang='lat' dir='ltr'>poenas</span> 
     </span>
     <span class='ocr_line' id='line_1_6' title="bbox 337 561 984 650; baseline 0.002 -17"><span class='ocrx_word' id='word_1_23' title='bbox 337 561 373 633; x_wconf 87' lang='lat' dir='ltr'>&#39;et</span> <span class='ocrx_word' id='word_1_24' title='bbox 388 589 482 650; x_wconf 87' lang='lat' dir='ltr'>usque</span> <span class='ocrx_word' id='word_1_25' title='bbox 497 588 603 632; x_wconf 87' lang='lat' dir='ltr'>curvos</span> <span class='ocrx_word' id='word_1_26' title='bbox 619 577 774 632; x_wconf 81' lang='lat' dir='ltr'><strong>excavetur</strong></span> <span class='ocrx_word' id='word_1_27' title='bbox 789 571 824 631; x_wconf 91' lang='lat' dir='ltr'>ad</span> <span class='ocrx_word' id='word_1_28' title='bbox 840 570 984 634; x_wconf 81' lang='lat' dir='ltr'>lumbos?</span> 
     </span>
    </p>

    <p class='ocr_par' dir='ltr' id='par_1_4' title="bbox 291 655 958 1078">
     <span class='ocr_line' id='line_1_7' title="bbox 291 655 952 735; baseline 0.006 -21"><span class='ocrx_word' id='word_1_29' title='bbox 291 665 305 714; x_wconf 87' lang='lat'>5</span> <span class='ocrx_word' id='word_1_30' title='bbox 342 674 405 718; x_wconf 89' lang='lat' dir='ltr'>non</span> <span class='ocrx_word' id='word_1_31' title='bbox 420 657 493 718; x_wconf 87' lang='lat' dir='ltr'>ficus</span> <span class='ocrx_word' id='word_1_32' title='bbox 508 657 556 718; x_wconf 92' lang='lat' dir='ltr'>hic</span> <span class='ocrx_word' id='word_1_33' title='bbox 571 663 616 716; x_wconf 87' lang='lat' dir='ltr'>est</span> <span class='ocrx_word' id='word_1_34' title='bbox 631 655 824 735; x_wconf 86' lang='lat' dir='ltr'>praeferenda</span> <span class='ocrx_word' id='word_1_35' title='bbox 839 656 952 718; x_wconf 80' lang='lat' dir='ltr'>vicinae</span> 
     </span>
     <span class='ocr_line' id='line_1_8' title="bbox 344 740 888 822; baseline -0.002 -19"><span class='ocrx_word' id='word_1_36' title='bbox 344 761 485 822; x_wconf 85' lang='lat' dir='ltr'>uvaeque,</span> <span class='ocrx_word' id='word_1_37' title='bbox 502 741 603 821; x_wconf 89' lang='lat' dir='ltr'>quales</span> <span class='ocrx_word' id='word_1_38' title='bbox 619 742 690 802; x_wconf 85' lang='lat' dir='ltr'>flava</span> <span class='ocrx_word' id='word_1_39' title='bbox 707 740 776 821; x_wconf 86' lang='lat' dir='ltr'>legit</span> <span class='ocrx_word' id='word_1_40' title='bbox 790 741 888 815; x_wconf 83' lang='lat' dir='ltr'>Arete,</span> 
     </span>
     <span class='ocr_line' id='line_1_9' title="bbox 343 825 936 911; baseline -0.002 -24"><span class='ocrx_word' id='word_1_41' title='bbox 343 845 405 888; x_wconf 88' lang='lat' dir='ltr'>non</span> <span class='ocrx_word' id='word_1_42' title='bbox 422 830 497 890; x_wconf 88' lang='lat' dir='ltr'>mala</span> <span class='ocrx_word' id='word_1_43' title='bbox 512 826 624 888; x_wconf 90' lang='lat' dir='ltr'>truncis</span> <span class='ocrx_word' id='word_1_44' title='bbox 640 825 803 888; x_wconf 85' lang='lat' dir='ltr'>adserenda</span> <span class='ocrx_word' id='word_1_45' title='bbox 819 827 936 911; x_wconf 82' lang='lat' dir='ltr'>Picenis</span> 
     </span>
     <span class='ocr_line' id='line_1_10' title="bbox 342 911 958 993; baseline -0.003 -18"><span class='ocrx_word' id='word_1_46' title='bbox 342 914 489 993; x_wconf 84' lang='lat' dir='ltr'>pirumve‚</span> <span class='ocrx_word' id='word_1_47' title='bbox 506 920 590 972; x_wconf 89' lang='lat' dir='ltr'>tanto</span> <span class='ocrx_word' id='word_1_48' title='bbox 607 913 686 990; x_wconf 87' lang='lat' dir='ltr'>quod</span> <span class='ocrx_word' id='word_1_49' title='bbox 702 911 833 990; x_wconf 88' lang='lat' dir='ltr'>periculo</span> <span class='ocrx_word' id='word_1_50' title='bbox 849 920 958 991; x_wconf 87' lang='lat' dir='ltr'>captes,</span> 
     </span>
     <span class='ocr_line' id='line_1_11' title="bbox 343 998 946 1078; baseline -0.002 -19"><span class='ocrx_word' id='word_1_51' title='bbox 343 998 496 1078; x_wconf 83' lang='lat' dir='ltr'>magisque</span> <span class='ocrx_word' id='word_1_52' title='bbox 512 1016 579 1059; x_wconf 90' lang='lat' dir='ltr'>cera</span> <span class='ocrx_word' id='word_1_53' title='bbox 595 998 707 1058; x_wconf 84' lang='lat' dir='ltr'>luteum</span> <span class='ocrx_word' id='word_1_54' title='bbox 724 1013 800 1058; x_wconf 88' lang='lat' dir='ltr'>nova</span> <span class='ocrx_word' id='word_1_55' title='bbox 816 1015 946 1076; x_wconf 93' lang='lat' dir='ltr'>prunum</span> 
     </span>
    </p>

    <p class='ocr_par' dir='ltr' id='par_1_5' title="bbox 277 1081 1043 1502">
     <span class='ocr_line' id='line_1_12' title="bbox 277 1081 994 1157; baseline 0.003 -14"><span class='ocrx_word' id='word_1_56' title='bbox 277 1094 308 1143; x_wconf 88' lang='lat'>10</span> <span class='ocrx_word' id='word_1_57' title='bbox 342 1082 503 1157; x_wconf 83' lang='lat' dir='ltr'>serbumve</span> <span class='ocrx_word' id='word_1_58' title='bbox 519 1090 639 1144; x_wconf 85' lang='lat' dir='ltr'>ventres</span> <span class='ocrx_word' id='word_1_59' title='bbox 655 1081 784 1142; x_wconf 87' lang='lat' dir='ltr'>lubricos</span> <span class='ocrx_word' id='word_1_60' title='bbox 800 1091 994 1145; x_wconf 87' lang='lat' dir='ltr'>moraturum.</span> 
     </span>
     <span class='ocr_line' id='line_1_13' title="bbox 340 1167 1002 1249; baseline -0.002 -20"><span class='ocrx_word' id='word_1_61' title='bbox 340 1171 496 1249; x_wconf 81' lang='lat' dir='ltr'>praesigne</span> <span class='ocrx_word' id='word_1_62' title='bbox 511 1167 587 1228; x_wconf 94' lang='lat' dir='ltr'>rami</span> <span class='ocrx_word' id='word_1_63' title='bbox 602 1187 658 1228; x_wconf 90' lang='lat' dir='ltr'>nec</span> <span class='ocrx_word' id='word_1_64' title='bbox 672 1167 733 1227; x_wconf 91' lang='lat' dir='ltr'>mei</span> <span class='ocrx_word' id='word_1_65' title='bbox 749 1167 849 1228; x_wconf 86' lang='lat' dir='ltr'>lerunt</span> <span class='ocrx_word' id='word_1_66' title='bbox 864 1186 984 1230; x_wconf 89' lang='lat' dir='ltr'>morum</span> <span class='ocrx_word' id='word_1_67' title='bbox 1001 1211 1002 1214; x_wconf 63' lang='lat'>,</span> 
     </span>
     <span class='ocr_line' id='line_1_14' title="bbox 340 1253 1043 1332; baseline 0.001 -18"><span class='ocrx_word' id='word_1_68' title='bbox 340 1272 485 1315; x_wconf 90' lang='lat' dir='ltr'>nucemve</span> <span class='ocrx_word' id='word_1_69' title='bbox 500 1254 629 1332; x_wconf 83' lang='lat' dir='ltr'>longam,</span> <span class='ocrx_word' id='word_1_70' title='bbox 645 1270 733 1332; x_wconf 86' lang='lat' dir='ltr'>quam</span> <span class='ocrx_word' id='word_1_71' title='bbox 750 1261 855 1313; x_wconf 89' lang='lat' dir='ltr'>vocant</span> <span class='ocrx_word' id='word_1_72' title='bbox 870 1253 1043 1327; x_wconf 80' lang='lat' dir='ltr'>abellanam,</span> 
     </span>
     <span class='ocr_line' id='line_1_15' title="bbox 342 1338 957 1418; baseline -0.003 -18"><span class='ocrx_word' id='word_1_73' title='bbox 342 1340 564 1418; x_wconf 86' lang='lat' dir='ltr'>amygdalumve</span> <span class='ocrx_word' id='word_1_74' title='bbox 579 1339 651 1399; x_wconf 83' lang='lat' dir='ltr'>llere</span> <span class='ocrx_word' id='word_1_75' title='bbox 666 1355 817 1416; x_wconf 86' lang='lat' dir='ltr'>purpurae</span> <span class='ocrx_word' id='word_1_76' title='bbox 832 1338 957 1417; x_wconf 84' lang='lat' dir='ltr'>fulgens.</span> 
     </span>
     <span class='ocr_line' id='line_1_16' title="bbox 343 1422 953 1502; baseline 0.002 -18"><span class='ocrx_word' id='word_1_77' title='bbox 343 1443 407 1486; x_wconf 88' lang='lat' dir='ltr'>nen</span> <span class='ocrx_word' id='word_1_78' title='bbox 420 1423 620 1486; x_wconf 88' lang='lat' dir='ltr'>brassicarum</span> <span class='ocrx_word' id='word_1_79' title='bbox 635 1423 714 1483; x_wconf 83' lang='lat' dir='ltr'>ferre</span> <span class='ocrx_word' id='word_1_80' title='bbox 730 1422 840 1502; x_wconf 84' lang='lat' dir='ltr'>glorior</span> <span class='ocrx_word' id='word_1_81' title='bbox 855 1425 953 1486; x_wconf 88' lang='lat' dir='ltr'>caules</span> 
     </span>
    </p>

    <p class='ocr_par' dir='ltr' id='par_1_6' title="bbox 275 1508 1053 1922">
     <span class='ocr_line' id='line_1_17' title="bbox 275 1508 981 1588; baseline 0 -16"><span class='ocrx_word' id='word_1_82' title='bbox 275 1523 305 1573; x_wconf 90' lang='grc'>15</span> <span class='ocrx_word' id='word_1_83' title='bbox 343 1510 473 1582; x_wconf 86' lang='lat' dir='ltr'>betasve,</span> <span class='ocrx_word' id='word_1_84' title='bbox 489 1516 616 1588; x_wconf 90' lang='lat' dir='ltr'>quantas</span> <span class='ocrx_word' id='word_1_85' title='bbox 631 1509 737 1568; x_wconf 85' lang='lat' dir='ltr'>hortus</span> <span class='ocrx_word' id='word_1_86' title='bbox 753 1508 857 1569; x_wconf 85' lang='lat' dir='ltr'>educat</span> <span class='ocrx_word' id='word_1_87' title='bbox 872 1509 981 1582; x_wconf 91' lang='lat' dir='ltr'>nullus,</span> 
     </span>
     <span class='ocr_line' id='line_1_18' title="bbox 341 1592 1053 1674; baseline -0.001 -17"><span class='ocrx_word' id='word_1_88' title='bbox 341 1614 517 1658; x_wconf 84' lang='lat' dir='ltr'>crescensve</span> <span class='ocrx_word' id='word_1_89' title='bbox 531 1613 652 1673; x_wconf 87' lang='lat' dir='ltr'>semper</span> <span class='ocrx_word' id='word_1_90' title='bbox 665 1592 696 1653; x_wconf 96' lang='lat' dir='ltr'>in</span> <span class='ocrx_word' id='word_1_91' title='bbox 712 1611 800 1654; x_wconf 89' lang='lat' dir='ltr'>suum</span> <span class='ocrx_word' id='word_1_92' title='bbox 816 1602 903 1673; x_wconf 88' lang='lat' dir='ltr'>caput</span> <span class='ocrx_word' id='word_1_93' title='bbox 918 1612 1053 1674; x_wconf 89' lang='lat' dir='ltr'>porrum.</span> 
     </span>
     <span class='ocr_line' id='line_1_19' title="bbox 343 1677 1011 1760; baseline -0.001 -18"><span class='ocrx_word' id='word_1_94' title='bbox 343 1700 399 1742; x_wconf 92' lang='lat' dir='ltr'>nec</span> <span class='ocrx_word' id='word_1_95' title='bbox 414 1679 579 1742; x_wconf 88' lang='lat' dir='ltr'>seminosas</span> <span class='ocrx_word' id='word_1_96' title='bbox 595 1679 631 1740; x_wconf 90' lang='lat' dir='ltr'>ad</span> <span class='ocrx_word' id='word_1_97' title='bbox 647 1677 813 1739; x_wconf 86' lang='lat' dir='ltr'>cucurbitas</span> <span class='ocrx_word' id='word_1_98' title='bbox 830 1699 1011 1760; x_wconf 90' lang='lat' dir='ltr'>quemquam</span> 
     </span>
     <span class='ocr_line' id='line_1_20' title="bbox 344 1765 1007 1842; baseline -0.003 -14"><span class='ocrx_word' id='word_1_99' title='bbox 344 1767 379 1828; x_wconf 90' lang='lat' dir='ltr'>ad</span> <span class='ocrx_word' id='word_1_100' title='bbox 395 1767 563 1828; x_wconf 90' lang='lat' dir='ltr'>ocimumve</span> <span class='ocrx_word' id='word_1_101' title='bbox 579 1780 811 1842; x_wconf 76' lang='lat' dir='ltr'>cucumerosque</span> <span class='ocrx_word' id='word_1_102' title='bbox 826 1765 910 1826; x_wconf 94' lang='lat' dir='ltr'>bumi</span> <span class='ocrx_word' id='word_1_103' title='bbox 924 1766 1007 1827; x_wconf 82' lang='lat' dir='ltr'>lusos</span> 
     </span>
     <span class='ocr_line' id='line_1_21' title="bbox 344 1849 880 1922; baseline -0.006 -8"><span class='ocrx_word' id='word_1_104' title='bbox 344 1852 448 1914; x_wconf 86' lang='lat' dir='ltr'>venire</span> <span class='ocrx_word' id='word_1_105' title='bbox 463 1851 562 1922; x_wconf 85' lang='lat' dir='ltr'>crede,</span> <span class='ocrx_word' id='word_1_106' title='bbox 577 1849 735 1911; x_wconf 88' lang='lat' dir='ltr'>sessilesve</span> <span class='ocrx_word' id='word_1_107' title='bbox 750 1849 880 1912; x_wconf 91' lang='lat' dir='ltr'>lactucas</span> 
     </span>
    </p>

    <p class='ocr_par' dir='ltr' id='par_1_7' title="bbox 272 1935 926 2016">
     <span class='ocr_line' id='line_1_22' title="bbox 272 1935 926 2016; baseline -0.002 -18"><span class='ocrx_word' id='word_1_108' title='bbox 272 1957 304 2006; x_wconf 82' lang='lat'>22</span> <span class='ocrx_word' id='word_1_109' title='bbox 343 1955 484 2016; x_wconf 82' lang='lat' dir='ltr'>acresque</span> <span class='ocrx_word' id='word_1_110' title='bbox 501 1954 604 2015; x_wconf 89' lang='lat' dir='ltr'>caepas</span> <span class='ocrx_word' id='word_1_111' title='bbox 620 1935 769 2014; x_wconf 91' lang='lat' dir='ltr'>aliumque</span> <span class='ocrx_word' id='word_1_112' title='bbox 785 1935 926 2009; x_wconf 85' lang='lat' dir='ltr'>furatum,</span> 
     </span>
    </p>

    <p class='ocr_par' dir='ltr' id='par_1_8' title="bbox 274 2020 1140 2356">
     <span class='ocr_line' id='line_1_23' title="bbox 274 2020 888 2088; baseline 0 -6"><span class='ocrx_word' id='word_1_113' title='bbox 274 2039 308 2088; x_wconf 80' lang='lat'>20</span> <span class='ocrx_word' id='word_1_114' title='bbox 343 2040 399 2082; x_wconf 91' lang='lat' dir='ltr'>nec</span> <span class='ocrx_word' id='word_1_115' title='bbox 414 2029 448 2082; x_wconf 93' lang='lat' dir='ltr'>ut</span> <span class='ocrx_word' id='word_1_116' title='bbox 463 2021 572 2082; x_wconf 88' lang='lat' dir='ltr'>salaces</span> <span class='ocrx_word' id='word_1_117' title='bbox 587 2028 674 2082; x_wconf 85' lang='lat' dir='ltr'>nocte</span> <span class='ocrx_word' id='word_1_118' title='bbox 690 2020 771 2081; x_wconf 84' lang='lat' dir='ltr'>tollat</span> <span class='ocrx_word' id='word_1_119' title='bbox 787 2038 888 2082; x_wconf 88' lang='lat' dir='ltr'>erucas</span> 
     </span>
     <span class='ocr_line' id='line_1_24' title="bbox 344 2104 1054 2184; baseline -0.003 -17"><span class='ocrx_word' id='word_1_120' title='bbox 344 2114 537 2184; x_wconf 87' lang='lat' dir='ltr'>mentamque</span> <span class='ocrx_word' id='word_1_121' title='bbox 553 2106 683 2167; x_wconf 87' lang='lat' dir='ltr'>olentem</span> <span class='ocrx_word' id='word_1_122' title='bbox 699 2123 766 2165; x_wconf 85' lang='lat' dir='ltr'>cum</span> <span class='ocrx_word' id='word_1_123' title='bbox 785 2105 951 2167; x_wconf 87' lang='lat' dir='ltr'>salubribus</span> <span class='ocrx_word' id='word_1_124' title='bbox 967 2104 1054 2166; x_wconf 80' lang='lat' dir='ltr'>rutis,</span> 
     </span>
     <span class='ocr_line' id='line_1_25' title="bbox 345 2189 1140 2271; baseline -0.003 -19"><span class='ocrx_word' id='word_1_125' title='bbox 345 2211 419 2271; x_wconf 91' lang='lat' dir='ltr'>quae</span> <span class='ocrx_word' id='word_1_126' title='bbox 434 2199 540 2252; x_wconf 85' lang='lat' dir='ltr'>cuncta</span> <span class='ocrx_word' id='word_1_127' title='bbox 556 2190 688 2270; x_wconf 87' lang='lat' dir='ltr'>quamvis</span> <span class='ocrx_word' id='word_1_128' title='bbox 704 2198 808 2250; x_wconf 86' lang='lat' dir='ltr'>nostro</span> <span class='ocrx_word' id='word_1_129' title='bbox 823 2191 965 2252; x_wconf 90' lang='lat' dir='ltr'>habemus</span> <span class='ocrx_word' id='word_1_130' title='bbox 981 2189 1011 2250; x_wconf 91' lang='lat' dir='ltr'>in</span> <span class='ocrx_word' id='word_1_131' title='bbox 1027 2197 1140 2270; x_wconf 84' lang='lat' dir='ltr'>saepta,</span> 
     </span>
     <span class='ocr_line' id='line_1_26' title="bbox 346 2275 926 2356; baseline -0.002 -19"><span class='ocrx_word' id='word_1_132' title='bbox 346 2295 408 2337; x_wconf 91' lang='lat' dir='ltr'>non</span> <span class='ocrx_word' id='word_1_133' title='bbox 423 2276 561 2356; x_wconf 84' lang='lat' dir='ltr'>pauciora</span> <span class='ocrx_word' id='word_1_134' title='bbox 578 2275 706 2355; x_wconf 86' lang='lat' dir='ltr'>proximi</span> <span class='ocrx_word' id='word_1_135' title='bbox 719 2278 822 2336; x_wconf 86' lang='lat' dir='ltr'>ferunt</span> <span class='ocrx_word' id='word_1_136' title='bbox 837 2276 926 2337; x_wconf 86' lang='lat' dir='ltr'>horti.</span> 
     </span>
    </p>

    <p class='ocr_par' dir='ltr' id='par_1_9' title="bbox 279 2360 1038 2698">
     <span class='ocr_line' id='line_1_27' title="bbox 279 2360 898 2441; baseline -0.008 -14"><span class='ocrx_word' id='word_1_137' title='bbox 279 2378 310 2427; x_wconf 78' lang='lat'>25</span> <span class='ocrx_word' id='word_1_138' title='bbox 347 2362 454 2441; x_wconf 88' lang='lat' dir='ltr'>quibus</span> <span class='ocrx_word' id='word_1_139' title='bbox 471 2361 581 2422; x_wconf 88' lang='lat' dir='ltr'>relictis</span> <span class='ocrx_word' id='word_1_140' title='bbox 597 2361 629 2421; x_wconf 91' lang='lat' dir='ltr'>in</span> <span class='ocrx_word' id='word_1_141' title='bbox 645 2361 718 2422; x_wconf 92' lang='lat' dir='ltr'>mihi</span> <span class='ocrx_word' id='word_1_142' title='bbox 733 2360 898 2423; x_wconf 88' lang='lat' dir='ltr'>laboratum</span> 
     </span>
     <span class='ocr_line' id='line_1_28' title="bbox 342 2445 916 2526; baseline -0.003 -18"><span class='ocrx_word' id='word_1_143' title='bbox 342 2447 442 2509; x_wconf 91' lang='lat' dir='ltr'>locum</span> <span class='ocrx_word' id='word_1_144' title='bbox 457 2445 574 2518; x_wconf 86' lang='lat' dir='ltr'>venitis,</span> <span class='ocrx_word' id='word_1_145' title='bbox 589 2446 804 2526; x_wconf 89' lang='lat' dir='ltr'>improbissimi</span> <span class='ocrx_word' id='word_1_146' title='bbox 819 2447 916 2508; x_wconf 87' lang='lat' dir='ltr'>fures:</span> 
     </span>
     <span class='ocr_line' id='line_1_29' title="bbox 343 2531 1015 2612; baseline 0.001 -19"><span class='ocrx_word' id='word_1_147' title='bbox 343 2532 487 2593; x_wconf 90' lang='lat' dir='ltr'>nimirum</span> <span class='ocrx_word' id='word_1_148' title='bbox 504 2539 635 2612; x_wconf 90' lang='lat' dir='ltr'>apertam</span> <span class='ocrx_word' id='word_1_149' title='bbox 652 2531 811 2600; x_wconf 85' lang='lat' dir='ltr'>convelatis</span> <span class='ocrx_word' id='word_1_150' title='bbox 828 2533 863 2594; x_wconf 92' lang='lat' dir='ltr'>ad</span> <span class='ocrx_word' id='word_1_151' title='bbox 879 2549 1015 2612; x_wconf 84' lang='lat' dir='ltr'>poenam,</span> 
     </span>
     <span class='ocr_line' id='line_1_30' title="bbox 344 2617 1038 2698; baseline -0.001 -21"><span class='ocrx_word' id='word_1_152' title='bbox 344 2617 467 2686; x_wconf 78' lang='lat' dir='ltr'>becuns</span> <span class='ocrx_word' id='word_1_153' title='bbox 482 2617 635 2697; x_wconf 72' lang='lat' dir='ltr'>scipsum,</span> <span class='ocrx_word' id='word_1_154' title='bbox 653 2618 733 2698; x_wconf 89' lang='lat' dir='ltr'>quod</span> <span class='ocrx_word' id='word_1_155' title='bbox 749 2617 907 2692; x_wconf 89' lang='lat' dir='ltr'>minamur,</span> <span class='ocrx_word' id='word_1_156' title='bbox 923 2617 1038 2678; x_wconf 87' lang='lat' dir='ltr'>invitat.</span> 
     </span>
    </p>
   </div>
   <div class='ocr_carea' id='block_1_4' title="bbox 166 1508 177 1538">
    <p class='ocr_par' dir='ltr' id='par_1_10' title="bbox 166 1508 177 1538">
     <span class='ocr_line' id='line_1_31' title="bbox 166 1508 177 1538; baseline 0 0"><span class='ocrx_word' id='word_1_157' title='bbox 166 1508 177 1538; x_wconf 70' lang='lat' dir='ltr'>b</span> 
     </span>
    </p>
   </div>
   <div class='ocr_carea' id='block_1_5' title="bbox 746 2755 848 2852">
    <p class='ocr_par' dir='ltr' id='par_1_11' title="bbox 746 2755 848 2852">
     <span class='ocr_line' id='line_1_32' title="bbox 746 2755 848 2852; baseline 0.02 -2"><span class='ocrx_word' id='word_1_158' title='bbox 746 2787 797 2852; x_wconf 82' lang='lat' dir='ltr'>nn</span> <span class='ocrx_word' id='word_1_159' title='bbox 847 2755 848 2760; x_wconf 28' lang='lat'>¹</span> 
     </span>
    </p>
   </div>
   <div class='ocr_carea' id='block_1_6' title="bbox 241 2892 1424 3655">
    <p class='ocr_par' dir='ltr' id='par_1_12' title="bbox 241 2892 1424 3655">
     <span class='ocr_line' id='line_1_33' title="bbox 343 2892 1012 2974; baseline 0 -20"><span class='ocrx_word' id='word_1_160' title='bbox 343 2892 425 2964; x_wconf 86' lang='lat' dir='ltr'>Heus</span> <span class='ocrx_word' id='word_1_161' title='bbox 441 2901 483 2966; x_wconf 89' lang='lat' dir='ltr'>tu,</span> <span class='ocrx_word' id='word_1_162' title='bbox 500 2911 561 2956; x_wconf 87' lang='lat' dir='ltr'>non</span> <span class='ocrx_word' id='word_1_163' title='bbox 576 2893 721 2974; x_wconf 68' lang='lat' dir='ltr'>benenui</span> <span class='ocrx_word' id='word_1_164' title='bbox 736 2911 860 2956; x_wconf 90' lang='lat' dir='ltr'>manum</span> <span class='ocrx_word' id='word_1_165' title='bbox 876 2911 1012 2974; x_wconf 88' lang='lat' dir='ltr'>rapacem</span> 
     </span>
     <span class='ocr_line' id='line_1_34' title="bbox 344 2979 890 3052; baseline 0.002 -13"><span class='ocrx_word' id='word_1_166' title='bbox 344 2980 485 3041; x_wconf 88' lang='lat' dir='ltr'>mandato</span> <span class='ocrx_word' id='word_1_167' title='bbox 501 2981 574 3041; x_wconf 93' lang='lat' dir='ltr'>mihi</span> <span class='ocrx_word' id='word_1_168' title='bbox 589 2980 726 3042; x_wconf 86' lang='lat' dir='ltr'>contines</span> <span class='ocrx_word' id='word_1_169' title='bbox 742 2979 778 3042; x_wconf 93' lang='lat' dir='ltr'>ab</span> <span class='ocrx_word' id='word_1_170' title='bbox 793 2979 890 3052; x_wconf 81' lang='lat' dir='ltr'>horto,</span> 
     </span>
     <span class='ocr_line' id='line_1_35' title="bbox 343 3063 907 3144; baseline 0.002 -21"><span class='ocrx_word' id='word_1_171' title='bbox 343 3063 401 3124; x_wconf 95' lang='lat' dir='ltr'>iam</span> <span class='ocrx_word' id='word_1_172' title='bbox 417 3065 549 3144; x_wconf 94' lang='lat' dir='ltr'>primum</span> <span class='ocrx_word' id='word_1_173' title='bbox 564 3072 658 3127; x_wconf 85' lang='lat' dir='ltr'>stator</span> <span class='ocrx_word' id='word_1_174' title='bbox 669 3066 716 3126; x_wconf 90' lang='lat' dir='ltr'>hic</span> <span class='ocrx_word' id='word_1_175' title='bbox 730 3064 907 3126; x_wconf 88' lang='lat' dir='ltr'>libidinosus</span> 
     </span>
     <span class='ocr_line' id='line_1_36' title="bbox 347 3150 810 3212; baseline 0.006 -4"><span class='ocrx_word' id='word_1_176' title='bbox 347 3150 466 3212; x_wconf 80' lang='lat' dir='ltr'>alternis</span> <span class='ocrx_word' id='word_1_177' title='bbox 481 3150 612 3212; x_wconf 90' lang='lat' dir='ltr'>ineundo</span> <span class='ocrx_word' id='word_1_178' title='bbox 629 3158 659 3212; x_wconf 88' lang='lat' dir='ltr'>et</span> <span class='ocrx_word' id='word_1_179' title='bbox 675 3151 810 3212; x_wconf 83' lang='lat' dir='ltr'>exeundo</span> 
     </span>
     <span class='ocr_line' id='line_1_37' title="bbox 241 3237 795 3316; baseline 0.004 -24"><span class='ocrx_word' id='word_1_180' title='bbox 241 3286 251 3310; x_wconf 40' lang='grc' dir='ltr'>ι</span> <span class='ocrx_word' id='word_1_181' title='bbox 296 3243 311 3292; x_wconf 89' lang='grc'>5</span> <span class='ocrx_word' id='word_1_182' title='bbox 345 3244 430 3313; x_wconf 86' lang='lat' dir='ltr'>porta</span> <span class='ocrx_word' id='word_1_183' title='bbox 445 3244 474 3297; x_wconf 88' lang='lat' dir='ltr'>te</span> <span class='ocrx_word' id='word_1_184' title='bbox 490 3237 576 3299; x_wconf 83' lang='lat' dir='ltr'>faciet</span> <span class='ocrx_word' id='word_1_185' title='bbox 590 3237 795 3316; x_wconf 88' lang='lat' dir='ltr'>patentiorem.</span> 
     </span>
     <span class='ocr_line' id='line_1_38' title="bbox 344 3288 1424 3401; baseline 0.003 -21"><span class='ocrx_word' id='word_1_186' title='bbox 344 3321 487 3382; x_wconf 87' lang='lat' dir='ltr'>accedent</span> <span class='ocrx_word' id='word_1_187' title='bbox 502 3321 571 3395; x_wconf 84' lang='lat' dir='ltr'>due,</span> <span class='ocrx_word' id='word_1_188' title='bbox 586 3322 638 3401; x_wconf 91' lang='lat' dir='ltr'>qui</span> <span class='ocrx_word' id='word_1_189' title='bbox 653 3322 729 3382; x_wconf 87' lang='lat' dir='ltr'>latus</span> <span class='ocrx_word' id='word_1_190' title='bbox 745 3328 878 3395; x_wconf 87' lang='lat' dir='ltr'>tuentur,</span> <span class='ocrx_word' id='word_1_191' title='bbox 1418 3288 1424 3401; x_wconf 77' lang='grc'>1</span> 
     </span>
     <span class='ocr_line' id='line_1_39' title="bbox 343 3405 1421 3487; baseline 0.003 -23"><span class='ocrx_word' id='word_1_192' title='bbox 343 3405 445 3484; x_wconf 89' lang='lat' dir='ltr'>pulcre</span> <span class='ocrx_word' id='word_1_193' title='bbox 461 3405 626 3487; x_wconf 88' lang='lat' dir='ltr'>pensilibus</span> <span class='ocrx_word' id='word_1_194' title='bbox 641 3406 796 3487; x_wconf 80' lang='lat' dir='ltr'>peculiati3</span> <span class='ocrx_word' id='word_1_195' title='bbox 1420 3430 1421 3439; x_wconf 50' lang='lat'>¹</span> 
     </span>
     <span class='ocr_line' id='line_1_40' title="bbox 344 3490 933 3568; baseline 0.007 -18"><span class='ocrx_word' id='word_1_196' title='bbox 344 3490 479 3568; x_wconf 90' lang='lat' dir='ltr'>quicum</span> <span class='ocrx_word' id='word_1_197' title='bbox 496 3500 526 3553; x_wconf 86' lang='lat' dir='ltr'>te</span> <span class='ocrx_word' id='word_1_198' title='bbox 541 3492 617 3555; x_wconf 91' lang='lat' dir='ltr'>male</span> <span class='ocrx_word' id='word_1_199' title='bbox 631 3492 763 3554; x_wconf 84' lang='lat' dir='ltr'>foderint</span> <span class='ocrx_word' id='word_1_200' title='bbox 778 3492 933 3568; x_wconf 83' lang='lat' dir='ltr'>iacentem,</span> 
     </span>
     <span class='ocr_line' id='line_1_41' title="bbox 344 3574 853 3655; baseline 0.004 -19"><span class='ocrx_word' id='word_1_201' title='bbox 344 3574 380 3636; x_wconf 92' lang='lat' dir='ltr'>ad</span> <span class='ocrx_word' id='word_1_202' title='bbox 395 3583 511 3655; x_wconf 91' lang='lat' dir='ltr'>partem</span> <span class='ocrx_word' id='word_1_203' title='bbox 528 3577 626 3639; x_wconf 86' lang='lat' dir='ltr'>veniet</span> <span class='ocrx_word' id='word_1_204' title='bbox 641 3578 721 3640; x_wconf 82' lang='lat' dir='ltr'>salax</span> <span class='ocrx_word' id='word_1_205' title='bbox 736 3577 853 3653; x_wconf 89' lang='lat' dir='ltr'>asellus,</span> 
     </span>
    </p>
   </div>
   <div class='ocr_carea' id='block_1_7' title="bbox 239 3582 1421 3705">
    <p class='ocr_par' dir='ltr' id='par_1_13' title="bbox 239 3582 1421 3705">
     <span class='ocr_line' id='line_1_42' title="bbox 239 3582 1421 3705; baseline 0.01 -12"><span class='ocrx_word' id='word_1_206' title='bbox 239 3687 452 3699; x_wconf 44' lang='grc' dir='ltr'>μ-ᾳ-...ωῳ-Ὓ-</span> <span class='ocrx_word' id='word_1_207' title='bbox 1418 3582 1421 3705; x_wconf 85' lang='grc'>1</span> 
     </span>
    </p>
   </div>
   <div class='ocr_carea' id='block_1_8' title="bbox 235 3721 1304 3864">
    <p class='ocr_par' dir='ltr' id='par_1_14' title="bbox 235 3721 1304 3864">
     <span class='ocr_line' id='line_1_43' title="bbox 304 3721 1304 3800; baseline 0 -22"><span class='ocrx_word' id='word_1_208' title='bbox 304 3728 335 3780; x_wconf 83' lang='lat' dir='ltr'>Ll</span> <span class='ocrx_word' id='word_1_209' title='bbox 351 3731 380 3782; x_wconf 82' lang='lat'>12</span> <span class='ocrx_word' id='word_1_210' title='bbox 393 3747 456 3796; x_wconf 84' lang='lat' dir='ltr'>quac</span> <span class='ocrx_word' id='word_1_211' title='bbox 468 3740 577 3784; x_wconf 80' lang='lat' dir='ltr'>uocatur</span> <span class='ocrx_word' id='word_1_212' title='bbox 588 3733 648 3785; x_wconf 83' lang='lat' dir='ltr'>alna</span> <span class='ocrx_word' id='word_1_213' title='bbox 661 3727 670 3800; x_wconf 77' lang='lat' dir='ltr'>b</span> <span class='ocrx_word' id='word_1_214' title='bbox 685 3733 716 3784; x_wconf 83' lang='lat'>13</span> <span class='ocrx_word' id='word_1_215' title='bbox 729 3749 855 3800; x_wconf 88' lang='lat' dir='ltr'>purpureo</span> <span class='ocrx_word' id='word_1_216' title='bbox 868 3729 879 3800; x_wconf 82' lang='lat' dir='ltr'>b</span> <span class='ocrx_word' id='word_1_217' title='bbox 892 3729 925 3782; x_wconf 78' lang='lat'>28</span> <span class='ocrx_word' id='word_1_218' title='bbox 943 3738 969 3782; x_wconf 88' lang='lat' dir='ltr'>ct</span> <span class='ocrx_word' id='word_1_219' title='bbox 986 3747 1032 3783; x_wconf 82' lang='lat' dir='ltr'>vos</span> <span class='ocrx_word' id='word_1_220' title='bbox 1051 3729 1098 3782; x_wconf 85' lang='lat' dir='ltr'>boc</span> <span class='ocrx_word' id='word_1_221' title='bbox 1116 3721 1197 3796; x_wconf 80' lang='lat' dir='ltr'>ipsunt</span> <span class='ocrx_word' id='word_1_222' title='bbox 1210 3725 1219 3795; x_wconf 76' lang='lat' dir='ltr'>b</span> <span class='ocrx_word' id='word_1_223' title='bbox 1233 3721 1276 3778; x_wconf 84' lang='lat' dir='ltr'>bil</span> <span class='ocrx_word' id='word_1_224' title='bbox 1289 3727 1304 3779; x_wconf 84' lang='grc'><strong>9</strong></span> 
     </span>
     <span class='ocr_line' id='line_1_44' title="bbox 235 3797 480 3864; baseline 0.012 -17"><span class='ocrx_word' id='word_1_225' title='bbox 235 3805 322 3864; x_wconf 84' lang='lat' dir='ltr'>partes</span> <span class='ocrx_word' id='word_1_226' title='bbox 334 3797 480 3850; x_wconf 68' lang='lat' dir='ltr'>Salmasius</span> 
     </span>
    </p>
   </div>
   <div class='ocr_carea' id='block_1_9' title="bbox 1053 3885 1077 3924">
    <p class='ocr_par' dir='ltr' id='par_1_15' title="bbox 1053 3885 1077 3924">
     <span class='ocr_line' id='line_1_45' title="bbox 1053 3885 1077 3924; baseline 0 0"><span class='ocrx_word' id='word_1_227' title='bbox 1053 3885 1077 3924; x_wconf 61' lang='grc' dir='ltr'><strong>Φ</strong></span> 
     </span>
    </p>
   </div>
   <div class='ocr_carea' id='block_1_10' title="bbox 0 0 1436 4340">
    <p class='ocr_par' dir='ltr' id='par_1_16' title="bbox 0 0 1436 4340">
     <span class='ocr_line' id='line_1_46' title="bbox 0 0 1436 4340; baseline 0 0"><span class='ocrx_word' id='word_1_228' title='bbox 0 0 1436 4340; x_wconf 95' lang='lat' dir='ltr'> </span> 
     </span>
    </p>
   </div>
  </div>
 </body>
</html>
