2864 4344
645 110 788 163 sarman

124 269 172 322 Lo
349 285 419 329 mor
433 243 486 328 ubi
500 266 638 329 ridendas
654 266 774 329 inclusit
788 267 895 347 pagina
906 276 1017 350 partes,

149 361 153 368 ’
335 371 338 378 ’
384 368 453 414 vera
468 353 546 414 redit
560 353 659 425 facies,
676 353 747 414 dum
763 352 898 416 simulata
913 355 997 436 perit.

108 597 114 606 q
269 545 328 590 nec
342 528 392 589 diu
415 533 516 590 tamen
537 525 666 590 lacrimis
688 525 806 600 indulsi,
822 527 875 590 sed
892 529 1018 604 veritus,
1036 545 1075 592 ne
1095 527 1246 594 Menelaus
1258 528 1296 592 81

183 611 274 675 etiam
289 611 523 676 antescholarius
538 615 618 676 inter
634 619 730 674 cetera
751 613 827 676 mala
842 615 939 676 solum
954 615 1049 677 mein
1077 615 1246 678 deversorio

150 705 165 754 5
183 698 342 772 inueniret,
357 699 460 779 collegi
475 699 641 779 sarcinulas
651 699 810 779 locumque
822 709 971 762 secretum
985 707 1014 764 et
1024 701 1195 782 proximum
1210 703 1247 764 li·

182 784 241 845 tori
257 793 390 846 maestus
405 784 542 847 conduxi.
573 785 613 846 ibi
629 783 729 846 triduo
744 785 876 848 inclusus
895 787 1042 850 redeunte
1061 787 1094 848 iu
1115 785 1247 852 animum

183 869 343 932 solitudine
357 879 446 951 atque
461 879 632 951 contemptu
647 869 839 932 verberabam
860 889 981 950 aegrum
996 869 1163 953 planctibus
1177 893 1248 953 pec-

141 960 164 1014 t
181 963 232 1020 tus
254 954 259 1038 l
277 962 307 1020 ct
320 956 399 1020 inter
414 964 459 1020 tot
472 957 632 1020 altissimos
648 955 775 1036 gemitus
789 957 962 1039 frequenter
978 959 1065 1034 etiam
1079 959 1248 1038 proclama-

181 1041 266 1104 bam:
295 1046 375 1120 ‘ergo
391 1061 439 1106 me
460 1061 522 1105 non
548 1043 633 1104 ruina
659 1050 737 1104 terra
758 1043 855 1122 potuit
874 1039 1016 1108 haurire?
1049 1062 1112 1108 non
1137 1043 1247 1109 iratum

132 1133 162 1184 10
182 1126 274 1190 etiam
295 1127 505 1193 innocentibus
527 1125 633 1190 mare?
668 1127 759 1208 effugi
778 1127 936 1204 iudicium,
960 1131 1087 1192 harenae
1108 1129 1246 1212 imposui,

180 1213 332 1294 hospitem
354 1214 457 1285 occidi,
484 1223 518 1275 ut
537 1215 617 1294 inter
635 1225 674 1278 tot
688 1213 828 1276 audaciae
843 1215 966 1278 nomina
980 1215 1145 1288 mendicus,
1173 1217 1248 1290 exul,

180 1297 214 1360 iu
235 1299 403 1362 deversorio
420 1298 558 1362 'Graecae
574 1300 655 1362 urbis
681 1299 808 1362 iacerem
829 1297 989 1363 desertust
1023 1308 1053 1362 et
1079 1301 1145 1382 quis
1170 1301 1249 1364 hane

182 1384 257 1446 mihi
272 1385 465 1449 solitudinem
481 1383 646 1468 imposuit?
676 1386 850 1448 adulescens
872 1386 954 1448 omui
974 1385 1098 1450 libidine
1113 1387 1248 1468 impurus

182 1479 213 1532 et
227 1489 283 1532 sua
298 1490 417 1550 quoque
433 1473 618 1534 confessione
634 1471 741 1550 dignus
754 1471 850 1544 exilio,
866 1481 970 1552 stupro
983 1472 1068 1545 liber,
1085 1481 1188 1554 stupro
1201 1473 1249 1534 in-

133 1573 163 1624 15
181 1573 311 1636 genuus,
323 1557 405 1620 cuius
422 1557 493 1620 anui
509 1559 544 1620 ad
559 1566 702 1620 tesseram
719 1557 885 1632 vomerent,
903 1577 993 1638 quem
1007 1566 1150 1638 tanquam
1165 1560 1249 1638 puel-

180 1642 241 1704 lam
257 1643 400 1706 coudurit
415 1643 504 1707 etiam
519 1643 570 1724 qui
586 1644 681 1706 virum
696 1643 818 1724 putavit.
834 1643 907 1723 quid
922 1643 970 1706 ille
987 1641 1084 1707 alter?
1103 1645 1156 1724 qui
1172 1647 1248 1722 [tan-

181 1729 282 1810 quam]
299 1728 346 1790 die
362 1735 447 1808 togae
462 1728 552 1790 virilis
566 1730 674 1790 stolam
690 1729 828 1808 sumpsit,
844 1727 894 1808 qui
910 1748 949 1790 ne
959 1727 1003 1789 vir
1016 1738 1106 1801 esset,
1122 1738 1249 1794 amatre

181 1832 344 1894 persuasus
364 1823 419 1888 est,
443 1815 494 1894 qui
516 1834 590 1894 opus
609 1813 755 1875 muliebre
776 1815 809 1874 in
831 1815 978 1896 ergastulo
1000 1815 1078 1887 fecit,
1100 1815 1151 1896 qui
1165 1824 1250 1894 post-

129 1997 163 2047 20
182 1984 328 2048 amicitiae
342 2003 454 2048 nomeu
465 1993 509 2058 et,
526 2004 580 2065 pro
595 1987 701 2066 pudor,
717 1993 860 2066 tanquam
876 1987 984 2048 mulier
999 1985 1163 2050 secutuleia
1178 1987 1248 2049 uni-

181 2089 214 2132 us
229 2071 327 2134 noctis
342 2079 425 2154 tectu
449 2071 549 2135 omnia
569 2071 711 2134 vendidit.
741 2072 840 2134 iacent
860 2090 943 2134 nunc
963 2080 1109 2137 amatores
1128 2071 1250 2154 obligati

179 2156 316 2220 noctibus
332 2157 412 2232 totis,
429 2166 458 2218 et
472 2157 596 2220 forsitan
613 2157 725 2221 mutuis
739 2157 913 2225 bbrdrmbus,
919 2157 1011 2220 attriti
1019 2157 1158 2221 derident
1177 2159 1249 2224 soli-

178 2243 313 2306 tudinem
327 2262 436 2307 meam.
459 2242 519 2306 sed
531 2261 594 2306 nou
605 2243 739 2324 impune.
767 2262 836 2305 nam
849 2251 901 2306 aut
913 2245 956 2305 vir
969 2263 1023 2324 ego
1035 2244 1171 2326 liberque
1186 2263 1249 2307 non

179 2346 258 2404 sum,
274 2338 326 2391 aut
340 2328 429 2391 noxio
446 2329 590 2408 sanguine
605 2328 771 2410 parentabo
785 2329 914 2392 iniuriae
928 2331 1030 2392 meae'

126 2429 162 2480 25
268 2415 341 2476 haec
356 2415 473 2476 locutus
497 2415 593 2493 gladio
613 2417 691 2476 latus
708 2413 802 2493 cingo,
826 2422 856 2477 et
874 2433 913 2476 ue
925 2415 1092 2489 infirmitas
1114 2414 1248 2478 militiam
1260 2413 1301 2476 82

180 2501 329 2580 perderet,
343 2499 519 2578 largioribus
536 2500 608 2562 cibis
624 2499 719 2562 excito
736 2499 824 2562 vires.
855 2519 925 2562 mox
938 2502 971 2563 in
981 2501 1134 2582 publicum
1150 2501 1247 2582 prosi-

180 2585 220 2647 lio
237 2583 425 2670 furentisque
440 2605 524 2648 more
540 2604 644 2648 omues
660 2585 810 2647 circumeo
831 2585 971 2664 porticus.
1002 2585 1053 2648 sed
1075 2586 1148 2647 dum
1170 2592 1250 2651 atto·

179 2671 244 2736 nito
265 2674 348 2736 vultu
370 2674 550 2752 efferatoque
572 2670 645 2733 nihil
665 2671 742 2733 aliud
765 2690 854 2752 quam
876 2672 997 2736 caedem
1020 2679 1050 2734 et
1070 2671 1249 2751 sanguinem

179 2757 277 2838 cogito
298 2757 544 2838 frequentiusque
570 2756 920 2838 manumittendum,
948 2777 1038 2840 quem
1061 2757 1247 2832 devoveram,

126 2863 161 2914 30
182 2841 292 2916 refero,
319 2843 432 2905 notarit
447 2842 605 2916 memiles,
632 2844 694 2906 sive
717 2842 764 2904 ille
787 2843 892 2923 planus
914 2843 971 2906 fuit
993 2843 1055 2906 sive
1080 2850 1250 2907 nocturnus

147 2995 148 3002 χ
180 2935 341 3008 grassator,
357 2937 387 2990 et
403 2929 482 3008 ‘quid
497 2929 538 2989 tu'
554 2929 655 3008 inquit
669 2928 853 3004 ‘commilito,
875 2949 910 2990 er
930 2949 988 3010 qua
1008 2929 1124 3008 legione
1147 2950 1178 2992 es
1198 2937 1248 2991 aut

180 3015 268 3078 cuius
280 3012 446 3077 centuriai'
477 3032 545 3076 cum
562 3014 803 3078 constantissime
825 3023 855 3076 et
875 3016 1134 3078 centurionem·et
1155 3015 1248 3094 legio-

180 3119 252 3162 nem
269 3119 364 3162 essem
381 3101 550 3174 ementitae,
574 3108 636 3180 ‘age
656 3102 735 3180 ergo’
755 3100 852 3180 iuquit
867 3101 916 3162 illc
937 3101 977 3166 in
999 3101 1128 3166 exercitu
1149 3108 1248 3164 vestro

179 3185 360 3268 phaecasiati
376 3185 485 3248 milites
501 3183 683 3250 ambulant?'
711 3205 779 3248 cum
794 3187 901 3250 deiude
916 3186 1000 3248 vultu
1012 3193 1100 3266 atque
1111 3186 1174 3267 ipsa
1185 3194 1248 3248 tre-

130 3295 161 3345 ³5
180 3271 334 3353 pidationc
355 3271 545 3334 mendacium
566 3272 776 3354 prodidissem,
802 3291 914 3353 ponere
939 3292 984 3334 me
1005 3272 1092 3333 iussit
1117 3290 1198 3334 arma
1219 3281 1249 3334 et

182 3357 259 3419 malo
277 3353 389 3420 cavercss
426 3357 608 3437 despoliatus
624 3376 703 3437 ergo,
724 3359 817 3420 immo
832 3356 963 3438 praecisa
978 3357 1089 3420 ultione
1109 3366 1190 3421 retro
1212 3357 1248 3422 ad

182 3442 388 3505 deversorium
403 3444 493 3510 tendo
508 3443 710 3524 paulatimque
731 3445 900 3510 temeritate
920 3445 1002 3526 lapsa
1024 3443 1107 3526 coepi
1129 3462 1248 3523 grassa-

181 3529 257 3591 toris
273 3529 412 3590 audaciae
428 3527 536 3608 gratias
552 3548 640 3608 agere
793 3533 799 3540 '

181 3650 397 3662 ...............-..
704 3625 725 3662 ik

253 3705 264 3754 l
280 3702 394 3766 machina
406 3705 502 3753 conieci
513 3699 522 3770 ll
536 3702 551 3752 2
564 3701 725 3754 dissimulata
737 3699 747 3770 ll
763 3703 793 3754 14
806 3703 887 3754 exitio
900 3705 1042 3755 Pitdoeane
1055 3701 1064 3771 ll
1080 3705 1110 3755 15
1122 3714 1249 3758 venerunt

193 3765 203 3840 ll
220 3771 250 3823 16
263 3772 332 3821 alter
348 3771 389 3822 die
403 3771 444 3838 qui
454 3779 577 3838 ,nequam
595 3778 670 3834 togae
682 3769 691 3840 ΙΙ
705 3772 737 3822 25
750 3771 838 3838 cingor
849 3772 860 3838 ll
873 3773 905 3824 28
917 3766 1082 3842 expectemus
1095 3773 1249 3842 efferatoque

182 3838 417 3977 ipcqqpapqappinde
427 3840 541 3905 cogitans
554 3838 563 3907 ll
576 3839 762 3892 naevotveram
774 3844 871 3892 testoni
880 3839 890 3910 ll
904 3841 936 3893 36
946 3843 1031 3908 immo]
1040 3845 1162 3930 sortoeep
1170 3845 1249 3898 ermis
