2860 4340
606 101 748 158 ιιιιιιιιιι
1143 139 1144 142 ,
1173 113 1208 172 71

103 267 127 322 L
146 281 216 326 mus
229 280 287 324 nos
303 268 470 337 extremum
487 259 641 325 solacium
658 276 753 320 nuuc
765 259 899 322 mimicis
921 259 1032 325 artibus
1054 262 1139 342 potiti
1159 284 1213 327 su-

146 367 217 410 mus
232 352 262 411 et
275 345 451 409 adumbrata
465 344 666 425 inscriptione
675 344 783 407 derisi’
878 389 882 394 -

232 432 350 493 volebat
337 430 551 509 tTryphaena
567 429 711 500 misereri,
739 430 807 509 quia
828 448 893 492 uon
914 438 1007 494 totam
1032 433 1213 514 voluptatem

144 518 328 600 perdiderat,
344 517 398 578 sed
413 514 519 600 Lichas
534 534 649 578 memor
665 515 761 580 adhuc
775 516 875 578 uxoris
887 525 1042 597 corruptae
1058 527 1212 584 contume-

108 609 124 656 5
144 601 435 682 ιιιιιιιιιιιιιι,ιιιιιι
426 621 458 662 ιιι
472 601 609 664 herculis
620 601 736 681 porticu
748 611 910 682 acceperat,
926 603 1046 665 turbato
1054 606 1215 668 vehemen-

142 690 208 752 tius
223 689 308 750 vultu
321 687 500 766 proclamat:
518 688 599 752 ‘deos
610 687 794 748 immortales
805 705 907 750 rerum
914 688 1115 753 humanarum
1123 711 1215 771 agere

144 793 259 846 ιιιιιιιι,
274 781 357 852 puto,
373 773 551 844 intellexisti,
568 790 585 833 o
602 773 784 852 Tryphaena.
818 791 887 834 nam
908 773 1114 852 imprudentes
1130 778 1214 840 noxi-

144 879 179 922 os
194 860 228 920 iu
243 870 381 921 nostrum
396 858 539 920 induxere
553 857 713 936 navigium,
737 865 767 919 et
789 859 860 938 quid
875 859 1025 932 fecissent,
1039 862 1213 924 ⁴admonue-

143 952 220 1008 runt
234 944 300 1024 pari
314 943 501 1006 somniorum
517 961 674 1006 consensu.
718 943 759 1005 ita
776 943 851 1017 vide,
866 951 900 1006 ut
914 945 1008 1024 possit
1022 946 1079 1007 illis
1093 948 1213 1026 ignosci,

95 1041 126 1093 ιο
146 1051 226 1110 quos
236 1029 274 1090 ad
289 1046 418 1108 poenam
433 1028 497 1108 ipse
519 1028 591 1090 deus
607 1028 737 1090 deduxit.
785 1029 866 1109 quod
887 1031 923 1094 ad
944 1049 993 1092 me
1012 1031 1128 1106 attinet,
1148 1053 1213 1096 non

143 1135 215 1178 sum
232 1113 369 1188 crudelis,
389 1115 443 1176 sed
459 1133 572 1186 vereor,
593 1131 632 1175 ne
655 1115 734 1194 qnod
758 1114 912 1188 remisero,
928 1116 1041 1194 patiar.’
1085 1127 1146 1182 tam
1162 1139 1215 1181 su-

143 1201 315 1281 perstitiosa
331 1199 464 1260 oratione
478 1199 652 1279 Tryphaena
669 1206 782 1262 mutata
796 1206 886 1280 negat
897 1219 930 1262 se
941 1202 1129 1282 interpellare
1140 1223 1213 1283 sup-

143 1286 280 1366 plicium,
301 1285 395 1346 immo
410 1287 549 1348 accedere
567 1285 656 1347 etiam
677 1285 858 1348 iustissimae
879 1286 997 1348 ultioni.
1027 1307 1083 1352 nee
1100 1309 1133 1352 se
1154 1290 1213 1352 mi-

143 1390 204 1434 nus
220 1371 326 1450 mandi
340 1378 474 1434 vexatam
490 1370 597 1438 iniuria
613 1389 702 1451 quam
718 1370 848 1445 Licham,
869 1371 953 1433 cuius
968 1373 1092 1453 pudoris
1116 1375 1214 1454 digni·

93 1471 125 1526 15
144 1466 193 1526 tas
209 1457 240 1520 in
257 1457 395 1524 contione
411 1458 577 1536 proscripta
593 1455 633 1516 sit

677 1559 696 1594 ιι

234 1628 303 1701 ιιιι,
319 1634 449 1706 utputo,
465 1625 619 1688 hominem
635 1643 697 1688 non
713 1627 857 1706 ignotum,
874 1630 1029 1706 elegerunt
1044 1631 1081 1692 ad
1095 1631 1153 1694 hoc
1167 1633 1213 1693 of·
1225 1635 1284 1695 107

78 1738 85 1755 ¹
143 1713 247 1776 ficium
271 1713 418 1792 [legatum]
443 1712 666 1793 petieruntque,
695 1720 730 1774 ut
755 1731 788 1774 se
808 1714 1029 1776 reconcibarem
1055 1716 1214 1796 aliquando

143 1799 344 1872 amicissimis.
388 1797 446 1863 uisi
455 1797 538 1860 iorta
550 1798 665 1878 putatis
679 1798 801 1860 iuvenes
823 1818 894 1862 casu
908 1800 940 1862 iu
955 1801 1009 1862 has
1024 1802 1124 1898 plagas
1136 1803 1212 1867 inci-

90 1897 124 1946 ιο
143 1885 235 1959 disse,
251 1903 320 1946 cum
335 1884 433 1948 omnis
446 1891 545 1946 vector
559 1883 632 1945 nihil
646 1883 730 1963 prius
745 1895 877 1964 quaerat,
892 1905 982 1966 quam
998 1886 1082 1955 cuius
1098 1907 1131 1949 se
1146 1888 1213 1958 dili-

143 1970 266 2068 gantiae
281 1971 390 2032 credat.
420 1969 528 2031 flectite
543 1987 613 2048 ergo
630 1977 745 2031 mentes
761 1971 959 2035 satisfactione
973 1971 1090 2048 leuitas,
1109 1983 1139 2035 et
1158 1993 1212 2056 pa·

143 2056 244 2118 ιιιιιιιιι
257 2055 367 2117 liberos
393 2054 561 2120 homines
552 2075 597 2117 ire
622 2055 688 2118 sine
702 2055 820 2130 iniuria,
847 2077 907 2137 quo
927 2058 1087 2128 destinant.
1119 2063 1211 2134 saevi

144 2161 266 2222 quoque
280 2141 540 2238 implacabilesque
567 2141 679 2202 domini
702 2104 907 2206 crudelitatem
926 2163 1011 2206 suam
1033 2123 1211 2224 impediunt,

144 2247 171 2288 ιι
162 2227 307 2306 quando
322 2226 503 2306 poenitentia
515 2226 653 2304 fugitivos
662 2227 788 2301 reduxit,
805 2235 834 2290 et
842 2228 986 2292 dedrtrcns
994 2230 1131 2294 hostibus
1143 2252 1211 2311 par-

90 2325 126 2377 25
147 2313 254 2375 cimus
299 2311 369 2408 quid
384 2311 461 2375 ultra
475 2312 577 2409 petitis
591 2322 643 2373 aut
659 2313 731 2410 quid
745 2311 885 2374 vultis?
877 2333 909 2376 ιιι
931 2323 1212 2396 conspectusque

143 2396 318 2494 ιιιιιιιιιοιιΙ
309 2409 407 2459 iacent
421 2397 558 2459 iuvenes
555 2397 692 2475 ingenui,
707 2399 890 2472 henestbl
860 2407 890 2462 et
910 2402 992 2480 quod
1013 2407 1141 2482 utroque
1156 2423 1211 2484 po-

142 2481 259 2548 tentius
275 2491 329 2556 est,
338 2481 544 2544 familiaritate
564 2483 646 2544 robis
669 2483 843 2563 aliquando
849 2484 1014 2547 coniuncti.
1044 2486 1069 2546 si
1090 2489 1211 2550 meher-

144 2569 227 2630 cules
242 2568 480 2632 intervertissent
494 2567 653 2665 pecuniam
668 2574 806 2642 vestram,
823 2589 848 2630 ιι
840 2570 956 2632 ”ιιιιιιιι
968 2571 1136 2650 proditione
1151 2575 1212 2636 lae-

144 2655 267 2726 sissent,
282 2654 383 2716 satiari
399 2661 501 2716 tamen
515 2661 567 2734 pot
554 2653 687 2716 tuissetis
702 2653 759 2714 ιιιι
772 2673 878 2733 poena,
895 2675 985 2736 qnam
999 2657 1114 2720 ridetis.
1147 2678 1211 2722 ser-

70 2730 124 2802 '30
143 2740 214 2804 vitia
231 2757 299 2802 ecce
313 2739 345 2800 in
359 2739 510 2802 frontibus
526 2739 648 2801 cernitis
657 2739 950 2820 etvultusingenuos
961 2743 1125 2806 voluntaria
1137 2764 1210 2824 poe

141 2843 250 2886 narum
273 2825 337 2904 lege
363 2824 564 2905 proscriptos)
592 2825 789 2904 interpellavit
811 2827 1058 2907 deprecationem
1066 2831 1211 2910 supplicii

140 2911 247 2976 Lichas
264 2918 293 2973 et
309 2909 387 2973 ‘noli'
403 2911 523 2990 iuquit‘
523 2929 645 2972 causam
661 2910 858 3007 confundere,
878 2914 961 2976 sed
952 2915 1209 2995 imponesiugulis

140 2996 277 3058 modum.
312 3015 346 3058 ac
361 2997 494 3076 primurn
510 2995 654 3069 omnium,
677 3014 702 3056 ιι
694 2997 798 3058 ultro
806 3008 962 3072 venerunt,
985 3017 1039 3060 cur
1058 3003 1209 3064 nudavere

141 3081 276 3144 crinibus
291 3077 411 3160 capita?
433 3081 548 3143 vultum
564 3081 645 3142 enim
658 3081 711 3178 qui
720 3091 880 3161 permutat,
895 3084 1029 3148 fraudem
1037 3095 1130 3164 para
1146 3107 1208 3150 nou

86 3180 120 3230 ³5
139 3166 382 3229 satisfactionem.
428 3166 545 3239 deinde,
566 3167 591 3227 si
606 3167 739 3243 gratiam
750 3188 766 3230 a
788 3169 881 3251 legato
901 3165 1112 3244 moliebantur,
1136 3173 1208 3253 quid

138 3253 181 3314 ita
196 3252 298 3313 omnia
312 3252 416 3324 fecisti,
432 3260 477 3314 ιιι
475 3271 555 3331 quos
570 3250 711 3326 tuebaris,
733 3245 956 3317 absconderes?
979 3273 1014 3315 ex
1037 3275 1096 3336 quo
1116 3277 1208 3338 appa-

137 3344 186 3398 ret
202 3356 272 3398 casu
284 3337 423 3398 incidisse
437 3338 542 3401 noxios
562 3338 594 3398 iu
615 3338 715 3417 plagas
739 3346 769 3400 et
790 3347 820 3400 te
842 3350 937 3402 artem
960 3342 1206 3424 quaesisseque

137 3431 260 3484 nostrae
275 3422 539 3484 animadversionis
555 3424 709 3502 impetum
706 3424 861 3486 eluderes.
884 3445 953 3488 narn
970 3427 1050 3506 quod
1066 3427 1205 3493 iuvidiam

137 3507 211 3572 facis
227 3508 677 3587 nobisiugenuoshonestosque
686 3509 855 3584 clamando,
889 3511 964 3584 ride,
980 3513 1206 3576 uedeteriorem

84 3605 119 3656 ιο
137 3593 229 3656 facias
238 3593 424 3656 confidentis
438 3613 568 3656 causam.
603 3592 674 3674 quid
690 3595 800 3656 dehent
814 3596 885 3660 laesi
901 3601 1008 3670 facero,
1031 3599 1082 3659 ubi
1104 3599 1148 3662 rei
1168 3601 1205 3662 ad

207 3804 223 3854 9
236 3801 319 3869 prosit
331 3799 341 3870 ΙΙ
357 3805 388 3855 14
399 3806 494 3856 conloca
491 3805 586 3870 'pudor
598 3814 625 3858 et
637 3804 646 3873 ιι
661 3805 692 3858 16
707 3809 879 3896 praemissam
891 3807 1027 3875 Eumolpus
1041 3807 1049 3876 ιι
1063 3809 1095 3862 31
1108 3809 1205 3876 snppli-

138 3871 178 3922 cis
189 3869 202 3938 ΙΙ
215 3872 247 3920 35
256 3875 321 3939 puto
331 3873 442 3936 gratian
453 3879 479 3923 te
491 3873 576 3935 legato
638 3906 642 3912 »
