2860 4340
584 99 725 156 animun

226 251 280 312 sed
296 253 465 315 morbcsicr
480 255 621 317 omnibus
637 257 778 331 cinaedis,

227 334 374 416 Pygmaeo
390 339 507 400 brevior
520 357 625 419 gruem
640 342 773 416 timente,

226 422 305 483 ursis
320 424 452 501 asperior
465 424 656 506 pilusicrquc,

225 505 319 569 Medis
335 509 428 571 laxior
442 509 587 575 lndicisve
603 510 707 586 bracis,

225 610 328 654 manes
343 594 392 654 hic
403 594 472 658 licet
488 605 521 658 ut
535 596 664 660 libenter
678 598 754 660 ires:

224 696 293 740 nam
306 680 442 759 quamvis
458 680 557 742 videar
573 683 644 746 satis
660 692 790 763 paratus,

224 781 380 826 erucarum
397 784 472 845 cpus
489 774 534 828 est
549 767 652 830 decem
669 767 817 849 maniplis,

221 850 315 910 fessas
330 850 459 929 inguinis
475 861 509 914 ut
522 843 617 914 ter'am
633 854 791 934 dclemque

221 935 314 995 cunni
330 935 509 998 vermiculos
524 933 738 1016 scaturrientis.

576 1089 735 1154 xxxxvu

225 1189 400 1271 Quicunque
415 1198 559 1265 rastrum,
575 1193 625 1273 qui
641 1195 751 1258 venitis
767 1197 803 1257 ad
819 1213 933 1271 cenam,

222 1275 315 1337 libare
330 1279 428 1340 nullos
444 1278 575 1340 sustinet
589 1280 662 1342 mihi
678 1300 791 1356 versus,

223 1360 301 1423 illius
317 1381 393 1423 uxor
407 1371 459 1424 aut
473 1364 567 1426 amica
579 1365 700 1428 rivalem

223 1445 401 1509 lasciviendo
417 1449 599 1527 languidum,
615 1468 730 1530 precor,
746 1453 860 1528 reddat,

224 1539 253 1592 et
268 1532 332 1612 ipse
347 1533 432 1614 longa
448 1542 537 1597 nocte
553 1536 682 1598 dormiat
696 1539 777 1600 solus
836 1609 840 1618 ,

221 1614 388 1709 libidinosis
403 1620 543 1682 incitatus
560 1622 668 1684 erucis.
742 1621 747 1629 “

561 1767 733 1842 xxxxvllt

224 1872 309 1944 Quod
325 1884 440 1956 partem
456 1875 606 1938 marlidam
622 1876 681 1938 mei
697 1876 810 1950 videtis,

221 1978 378 2041 perquam
394 1961 544 2038 significor
558 1961 683 2041 Priapus
700 1981 775 2035 esse,

222 2062 284 2106 nun
299 2064 350 2108 ros
367 2055 421 2119 est,
439 2046 511 2107 mihi
528 2045 626 2120 crede,
642 2065 699 2110 nec
713 2049 830 2128 pruine,

221 2130 273 2191 sed
289 2133 369 2211 quud
384 2141 492 2212 sponte
508 2151 560 2194 sua
576 2132 651 2196 sclet
665 2134 789 2208 remitti,

222 2233 289 2276 cum
307 2235 392 2280 mens
406 2223 453 2280 cst
467 2216 603 2298 pathicae
619 2239 735 2282 memor
749 2220 872 2300 puellae.

554 2391 740 2455 XXXXllllll

220 2496 275 2571 Tu,
290 2497 460 2577 quicunque
475 2496 556 2558 vides
571 2496 647 2558 circa
663 2496 788 2558 tectoria
803 2504 903 2560 nostra

261 2600 324 2644 non
341 2583 468 2643 nimium
483 2581 556 2644 casti
572 2582 700 2643 carmina
716 2584 804 2662 plena
819 2583 887 2656 ioci,

219 2667 354 2730 versibus
370 2667 632 2729 obscenis'ollendi
647 2668 765 2730 desine:
782 2686 843 2730 ncn
859 2675 904 2730 est

178 2759 180 2763 ”
263 2754 395 2820 mentula
412 2753 551 2815 subducti
565 2761 669 2815 nostra
683 2754 844 2834 supercilii.

221 3029 382 3103 Quaedam,
398 3029 422 3092 si
437 3031 532 3111 placet
547 3029 603 3091 hoc
615 3030 678 3104 tibi,
694 3030 809 3110 Priape,

218 3115 395 3176 ficusissima
410 3132 459 3176 me
474 3116 570 3196 puella
586 3116 661 3177 ludit

217 3208 247 3262 et
261 3219 316 3262 nec
331 3201 382 3262 dat
397 3201 468 3263 mihi
483 3221 539 3263 nec
553 3209 641 3280 negat
656 3202 795 3262 daturam

218 3304 381 3366 causasque
394 3287 510 3348 invenit
524 3306 619 3366 usque
635 3285 807 3348 differendi:

218 3371 332 3452 quaesi
348 3372 504 3451 contigerit
518 3371 644 3434 linenda
660 3371 757 3445 nubis,

107 3515 112 3524 ‚
214 3465 308 3518 totam
324 3457 479 3531 similibus,
496 3456 611 3538 Priape,
627 3457 737 3520 nostris

216 3543 372 3622 cingemus
386 3542 440 3605 tibi
455 3546 619 3606 mentulam
635 3541 763 3605 curonis.

141 3713 284 3769 xxxxvl
297 3718 312 3768 5
323 3716 418 3768 lmlicis
430 3715 535 3767 libratis
548 3714 557 3784 11
570 3717 586 3767 6
598 3717 699 3767 mallen
712 3713 816 3766 scilicet
828 3720 857 3764 ut
868 3712 933 3764 libet
944 3711 1045 3780 perires
1062 3713 1098 3764 Ιε.
1113 3714 1142 3767 V
1140 3729 1180 3765 ua·

106 3785 163 3834 aius
179 3787 204 3834 at
215 3799 263 3850 ago
276 3787 430 3836 contactum
441 3783 450 3851 ΙΙ
464 3784 485 3836 L
498 3786 513 3834 2
526 3782 689 3838 securissima
704 3781 816 3850 cupam
827 3783 838 3849 ΙΙ
854 3782 870 3832 6
889 3782 1009 3833 sutilibus
1022 3782 1114 3849 Priape
1131 3799 1176 3834 ne·

106 3859 163 3903 ster
171 3851 301 3906 Heinsius.
314 3869 368 3904 curn
378 3853 482 3920 paribus
492 3853 588 3904 codices
596 3853 702 3919 puidam

158 3933 255 3978 Petronii
268 3938 347 3981 satirae
361 3937 396 3982 ad.
410 3937 433 3978 ΙΙ
903 3925 906 3932 ,
986 3938 1018 3988 10
