2838 4348
355 509 383 632 J
412 505 731 648 rusrlnumvn
762 567 967 648 ronanam

225 893 395 960 Hieronymus
406 893 434 956 in
448 892 611 960 praefatione
629 891 690 945 libri
705 891 761 944 XII
777 897 1020 946 commentariorum
1041 897 1067 946 in
1083 895 1182 946 Isaram
1196 913 1222 964 p.

155 975 207 1026 493
220 973 289 1026 Voll.
314 975 399 1024 nullus
411 979 463 1024 tam
476 973 609 1040 imperitus
622 975 734 1042 scriptor
752 983 792 1027 est
805 975 847 1042 qui
860 975 982 1028 lectorem
1000 979 1049 1026 non
1061 975 1176 1028 inveniat
1188 979 1223 1028 si-

154 1056 241 1108 milem
254 1057 303 1122 sui,
324 1057 453 1122 multoque
466 1071 525 1122 pars
538 1057 618 1108 maior
631 1064 671 1108 cst
683 1057 801 1110 Milesias
819 1055 927 1110 labellus
945 1059 1133 1110 revolventium
1151 1076 1222 1126 quam

154 1135 271 1189 Platonis
283 1135 375 1187 libros.
400 1137 427 1188 in
439 1136 523 1187 altero
538 1138 604 1190 enim
616 1138 690 1188 ludus
703 1145 729 1188 et
741 1138 879 1190 oblectatio
890 1147 938 1201 est,
951 1139 977 1190 in
988 1141 1072 1192 altero
1083 1138 1222 1192 difficultas

154 1227 181 1270 et
193 1221 272 1270 sudor
283 1217 380 1270 mixtus
392 1217 483 1270 labori.
503 1219 611 1286 deniqne
623 1219 753 1270 Timaeum
765 1220 796 1269 de
808 1220 892 1270 mundi
904 1221 1037 1274 harmonia
1046 1229 1222 1288 astrorumque

154 1315 231 1352 cursu
245 1309 271 1353 et
282 1301 393 1353 numeris
406 1302 576 1369 disputantem
589 1303 643 1370 ipso
656 1303 697 1369 qui
710 1303 897 1370 interpretatus
911 1312 951 1356 est
964 1303 1066 1357 Tullius
1080 1319 1107 1356 se
1120 1322 1169 1355 non
1182 1305 1222 1356 lu·
1334 1363 1337 1368 Α

153 1383 278 1446 tellegere
296 1383 439 1448 confitetur,
462 1389 642 1434 testamentum
656 1392 740 1436 autem
754 1383 864 1436 Grunnii
877 1385 1030 1436 Corocottae
1051 1385 1158 1453 porcelli
1179 1387 1223 1438 de·

154 1464 296 1516 cantantia
309 1464 403 1516 scholis
416 1479 552 1532 puerorum
565 1466 664 1530 agmina
679 1467 890 1518 cachinnantium.

223 1546 289 1598 idern
300 1550 390 1599 eontra
401 1545 525 1615 Rufinam
537 1547 552 1598 Ι
561 1549 595 1598 17
603 1565 630 1618 p.
643 1547 707 1598 473:
726 1549 797 1615 quasi
808 1565 857 1600 non
870 1549 1024 1601 cirratorum
1035 1551 1110 1600 turba
1123 1549 1223 1602 Milesi-

154 1645 226 1681 arum
238 1628 264 1678 in
276 1629 372 1681 scholis
384 1629 503 1694 figmenta
515 1631 632 1682 decantet
644 1638 670 1683 ot
681 1638 862 1684 tastamentum
881 1632 935 1682 suis
947 1631 1081 1683 Bessorum
1100 1631 1222 1682 oaohinuo

153 1710 265 1762 membra
278 1711 408 1764 concutiat
419 1719 494 1780 atque
506 1711 577 1764 inter
585 1729 733 1766 scurrarum
746 1714 834 1781 epulas
847 1727 928 1779 nugae
940 1713 1095 1766 istiusmodi
1106 1712 1223 1782 frequen-

153 1800 251 1846 tantur.

239 2040 345 2123 Incipit
367 2049 578 2104 testamentum
600 2041 730 2122 porcelli.

238 2129 276 2190 Μ.
294 2127 450 2212 Grunnius
462 2128 618 2190 Gorocotta
632 2129 777 2208 porcellus
792 2129 1097 2207 testamentumleoit.
1121 2147 1219 2210 qnon-

154 2215 212 2278 iam
235 2231 326 2275 manu
349 2232 414 2275 mea
435 2213 566 2276 scribere
587 2231 650 2276 non
665 2215 758 2294 potui,
774 2215 963 2276 scribendum
980 2215 1093 2278 dictavi.
1128 2215 1220 2296 Magi-

153 2319 305 2364 rusoocus
328 2298 402 2360 dixit
428 2298 506 2362 ‘veni
520 2301 589 2384 huo,
617 2319 736 2362 eversor
750 2301 840 2371 domi,
867 2301 1072 2376 solivertiator‚
1098 2300 1220 2380 fugitive

153 2387 291 2468 porcello,
311 2392 342 2446 et
357 2383 445 2446 hodie
460 2384 514 2446 tibi
529 2383 637 2448 dirimo
658 2384 769 2448 vitani„
800 2387 957 2448 Coroootta
979 2387 1125 2466 porcellus
1147 2387 1220 2448 dixit

118 2485 133 2534 5
154 2474 189 2536 ‘si
201 2491 258 2554 qua
274 2470 339 2544 feei,
357 2471 381 2532 si
396 2489 454 2551 qna
465 2472 592 2552 peceavi,
606 2471 631 2543 si
643 2489 701 2551 qua
712 2471 835 2534 vascella
848 2471 974 2550 pedibus
989 2471 1066 2534 meis
1076 2473 1219 2551 confregi,

153 2577 235 2638 rogo,
252 2556 373 2619 domine
389 2575 468 2634 cone,
480 2556 570 2618 vitam
585 2564 664 2638 peto,
681 2558 810 2620 concede
824 2557 960 2636 roganti.
983 2558 1110 2637 Magirus
1132 2576 1220 2620 ooous

154 2642 226 2705 dixit
241 2642 357 2716 transi,
379 2661 462 2722 puer,
485 2643 559 2705 aller
579 2643 651 2705 mihi
668 2645 705 2705 de
720 2643 823 2705 cocina
840 2644 977 2716 cultrum,
1005 2650 1040 2704 ut
1054 2644 1134 2705 huno
1148 2662 1219 2723 por·

154 2729 259 2792 cellum
274 2727 380 2789 faciam
398 2727 575 2791 cruentum’.
598 2728 744 2810 porcellus
769 2729 1031 2809 comprehenditur
1052 2748 1070 2790 a
1091 2728 1220 2800 famulis,

154 2815 261 2876 ductus
277 2813 333 2876 sub
356 2813 403 2874 die
418 2814 482 2876 XVl
497 2814 553 2877 kal.
577 2815 755 2894 laceramus,
768 2815 819 2895 ubi
835 2814 986 2877 abundant
999 2834 1109 2894 cymae,
1126 2813 1222 2874 Cliba-

103 2915 135 2965 lo
154 2907 224 2961 nato
240 2907 270 2962 et
284 2899 421 2979 Piperato
434 2899 621 2962 ,consulibus
648 2909 679 2962 et
696 2909 728 2962 ut
745 2900 817 2963 vidit
832 2919 863 2962 se
880 2901 1058 2963 moriturum
1076 2919 1150 2972 esse,
1165 2899 1221 2982 ho-

153 3003 203 3048 rae
217 2983 347 3065 spatium
363 2986 450 3065 petiit
471 2993 619 3048 eteorum
635 2987 749 3065 rogarit
764 2994 798 3048 ut
808 2993 1023 3048 testamentum
1035 2989 1133 3047 lacere
1149 3003 1220 3065 pos·

154 3078 210 3134 set.
234 3070 369 3132 clamavit
383 3072 420 3131 ad
436 3090 469 3134 se
484 3090 554 3133 suos
569 3081 719 3152 parentes,
735 3079 768 3134 ut
783 3072 820 3134 de
836 3071 952 3134 cibariis
969 3071 1029 3152 suis
1046 3071 1156 3151 aliquid
1174 3070 1219 3132 di-

153 3156 287 3220 mitteret
302 3157 353 3217 eis.
384 3157 436 3237 qui
450 3157 507 3218 ait:

240 3241 325 3323 ‘patri
333 3243 532 3306 mcoVerrino
545 3241 671 3306 Lardino
680 3243 717 3304 do
728 3243 792 3321 lego
805 3241 867 3304 dari
882 3242 998 3322 glandis
1008 3240 1124 3304 modios
1131 3237 1221 3314 llllll,

104 3343 135 3394 15
155 3334 184 3392 et
198 3328 285 3390 matri
301 3345 383 3391 meae
399 3328 559 3391 Veturinae
575 3329 696 3391 Scrofae
712 3329 750 3390 do
765 3329 831 3407 lego
847 3328 910 3390 dari
921 3328 1084 3391 Laconicae
1099 3325 1222 3406 siliginis

221 3504 330 3555 Praeter
339 3503 416 3555 ltlrroa
428 3503 520 3568 quibua
532 3501 661 3570 llanptias
672 3517 735 3552 usus
748 3505 785 3552 est
801 3517 860 3552 oum
877 3503 1058 3551 testanmntnm
1075 3500 1120 3550 lroc
1138 3515 1224 3550 emen·
1298 3525 1300 3530 .

152 3571 225 3626 daret
237 3572 361 3636 (Berolini
372 3587 428 3624 aere
439 3573 502 3622 anna·
513 3569 600 3636 1860),
618 3573 686 3623 inter
697 3585 757 3638 quoa
771 3570 795 3620 Ρ
809 3569 902 3620 seledo
913 3570 1037 3620 Parasino
1053 3571 1152 3636 scripta
1167 3569 1223 3634 ser·

153 3645 197 3695 tar
216 3641 317 3692 sacculo
332 3639 380 3706 IX,
400 3639 500 3692 collatos
515 3640 593 3692 dabui
608 3639 640 3689 ad
656 3639 763 3691 Holdaro
781 3638 879 3691 codices
901 3637 923 3688 r
942 3637 1135 3690 Bruxellensem
1155 3633 1225 3687 5503

153 3725 219 3765 aueo.
231 3708 274 3762 rl1
283 3709 341 3760 elli
357 3709 496 3776 lingonum
512 3707 562 3774 1ᾷ4
574 3711 585 3759 i
595 3724 658 3760 saec.
673 3706 731 3760 XII

222 3777 237 3828 3
251 3779 338 3830 domus
350 3777 481 3831 versiator
492 3775 544 3830 soli
557 3775 581 3828 H
591 3775 600 3845 ll
616 3777 646 3830 12
658 3777 764 3829 vocavit
776 3778 807 3828 ad
819 3791 847 3828 se
860 3775 885 3826 H
895 3773 905 3844 Η
920 3775 951 3826 ll
964 3774 1052 3842 delego
1074 3773 1120 3830 ΡΗ
1127 3775 1185 3840 lego
1198 3772 1221 3825 ll

165 3846 175 3916 ll
190 3847 220 3900 15
233 3847 322 3913 delego
334 3848 359 3898 P
368 3846 507 3914 lasiliginis
518 3845 607 3912 delego
621 3846 647 3898 H
656 3845 745 3914 delego
758 3844 885 3910 lolliginis
897 3844 919 3898 B
