2860 4340
576 155 717 211 ιιιιιιι
1141 163 1181 223 57

65 321 91 372 ll
108 325 139 380 et
147 333 203 395 pro
216 313 366 377 consortio
378 315 546 377 studiorum
560 313 860 388 commodamanum.
895 333 977 377 mors
990 316 1080 390 venit,
1094 335 1180 397 quae,

108 404 170 466 nisi
185 421 242 482 per
253 408 286 461 te
302 417 364 461 non
385 401 462 474 licet,
478 407 582 480 potest
605 419 669 461 esse
691 419 746 479 pro
768 401 913 462 munere!
943 401 1106 464 inundatus
1125 402 1182 465 hac

109 489 277 567 Eumolpus
290 486 401 549 invidia
420 487 499 548 iurat
520 503 573 566 per
592 485 664 547 deos
685 485 814 565 deasque
836 506 869 548 se
892 506 990 568 neque
1012 488 1089 550 scire
1111 487 1182 568 quid

109 573 262 646 acciderit,
278 589 334 633 nec
349 573 442 634 ullum
451 571 552 632 dolum
566 572 676 632 malum
689 569 811 651 oonsilio
824 573 1001 644 adhibuisse,
1018 573 1070 635 sed
1083 583 1182 636 mente

74 659 333 758 5simplicissima
359 666 388 719 et
409 675 477 719 vera
499 657 586 718 fide·
578 675 611 717 m
630 657 781 735 navigium
796 656 919 719 comites
934 659 1096 732 induxisse,
1123 679 1182 739 quo

109 747 181 826 ipse
192 745 252 806 iam
268 743 384 840 pridem
401 743 489 804 luerit
476 749 622 804 tmusurus
657 748 743 824 ‘quae
766 751 866 804 autem
886 744 935 804 hic
957 745 1083 807 insidiae
1103 745 1182 810 sunt’

111 829 211 910 inquit
228 829 366 908 ‘autquis
379 829 534 890 nobiscum
542 825 689 889 Hannibal
705 826 846 907 navigat?
875 827 981 891 Lichas
990 830 1181 904 Τιιιιιιιιιιιι

112 918 205 978 homo
228 913 550 976 verecundissimus
519 920 550 974 e
568 930 631 974 non
652 921 770 974 tantum
793 913 881 975 huius
903 913 1011 994 navigii
1032 915 1182 989 dominus,

113 1001 196 1082 quod
211 1000 298 1078 regit,-
314 999 366 1060 sed
382 999 544 1060 fundorum
560 998 649 1058 etiam
668 999 781 1079 aliquot
796 1006 826 1060 e
813 1000 969 1062 tlamiliae
991 1001 1180 1080 negotiantis,

62 1089 93 1142 1⁰
112 1105 191 1148 onus
207 1085 402 1146 deferendum
424 1085 460 1146 ad
484 1093 651 1146 mereatum·
667 1083 823 1146 conducit.
854 1085 902 1147 hie
922 1094 968 1147 est
988 1087 1110 1167 Cyclops
1132 1087 1182 1149 ille

112 1183 141 1234 et
157 1171 345 1252 archipirata,
361 1171 408 1232 oui
424 1178 574 1232 vecturam
590 1168 752 1246 debemus3
768 1177 798 1231 et
808 1179 926 1250 praeter
937 1173 1017 1240 hunc
1028 1171 1180 1252 Tryphae-

110 1277 160 1331 na,
177 1257 312 1318 omnium
326 1256 505 1317 feminarum
522 1255 746 1328 formosissima,
762 1275 838 1334 quae
849 1257 1008 1336 voluptatis
1019 1276 1107 1319 causa
1122 1259 1182 1320 huo

112 1351 203 1423 atque
217 1343 288 1404 illuc
302 1341 453 1402 vectatur!
482 1341 523 1401 ‘hi
539 1338 617 1401 simt’
634 1340 731 1420 inquit
751 1341 841 1402 Giton
867 1339 957 1422 ‘quos‘
973 1342 1113 1423 fugimus'
1138 1343 1180 1404 si-

112 1429 235 1508 mulque
250 1428 359 1508 raptim
375 1445 476 1489 causas
497 1425 632 1487 odiomm
655 1433 685 1486 et
699 1426 816 1488 instans
836 1428 1000 1507 periculum
1018 1429 1181 1509 trepidanti

65 1529 95 1579 ιι
112 1514 261 1593 Eumolpo
278 1513 408 1593 exponit.
438 1512 583 1574 confusus
599 1512 646 1572 ille
663 1519 692 1572 ιι
707 1511 822 1574 consilii
834 1531 925 1602 egens
938 1513 1021 1575 iubet
1033 1532 1180 1594 quemque

112 1619 201 1662 suam
217 1599 396 1660 sententiam
411 1615 549 1678 promere
565 1605 601 1657 et
610 1597 729 1675 ‘fingite'
745 1597 851 1677 inquit
864 1603 995 1660 ‘nost
944 1617 980 1659 an
982 1606 1063 1661 tmm
1079 1600 1179 1678 Cyelo-

112 1685 158 1767 pis
174 1685 311 1746 intrasse
346 1684 551 1781 quaerendum
567 1690 613 1744 ιιι
624 1683 741 1762 aliquod
754 1683 907 1762 effugium,
923 1684 1180 1794 nisiuaulhagium

113 1771 255 1852 ponimus
280 1777 309 1830 et
333 1763 486 1831 commu'ni
506 1785 562 1830 nos
583 1768 713 1848 periculo
734 1767 914 1830 liberamus)
952 1768 1062 1831 immo’
1085 1770 1182 1851 inquit

113 1857 206 1918 Giton
220 1856 381 1954 ‘persuade
390 1853 592 1934 gubernatori,
613 1860 648 1914 ut
661 1853 694 1914 in
709 1853 837 1932 aliquem
857 1863 978 1934 portum
999 1874 1105 1918 navem
1128 1856 1180 1918 de·

63 1953 94 2003 20
114 1943 213 2014 ducat,
230 1960 291 2003 uon
307 1943 371 2002 sine
377 1940 519 2022 praemio
535 1939 654 2036 soiliopt,
678 1947 708 2001 et
695 1939 879 2002 ιιιιιιιιιιι
853 1960 879 2001 ιι
894 1940 1100 2020 impatientem
1116 1961 1180 2004 ma-

112 2029 154 2090 ris
165 2029 288 2088 fratrem
304 2035 390 2088 tuum
404 2027 437 2087 in
452 2025 563 2088 ultimis
580 2005 652 2086 es'se.
687 2024 798 2105 poteris
820 2025 896 2087 hanc
911 2026 1131 2090 simulationem
1152 2035 1182 2089 et

113 2114 214 2175 vultus
229 2113 406 2174 confusione
421 2119 450 2173 et
437 2110 587 2173 tlaorimis
599 2109 787 2183 obumbrare,
804 2111 1046 2175 utmiserioo'rdia
1058 2132 1180 2194 penno

112 2209 164 2261 tus
179 2199 359 2276 gubernator
369 2196 520 2276 indulgeat
529 2195 603 2257 tibi.
638 2195 823 2278 negavithoe
835 2197 1070 2278 Eumolpusiieri
1082 2219 1180 2280 posse,

112 2284 193 2364 ‘quia
210 2283 324 2364 magna’
340 2284 437 2363 inquit
453 2281 575 2362 ‘navigia
591 2282 739 2360 portubus
753 2301 785 2343 se
801 2284 928 2345 curvatis
943 2283 1108 2356 insinuant,
1124 2303 1180 2346 nec
1205 2353 1207 2358 ,

61 2379 94 2429 25
113 2379 176 2432 tam
192 2369 250 2431 cito
265 2373 387 2430 fratrem
400 2369 543 2430 defecisse
555 2386 616 2428 verr
608 2366 791 2428 'similet
736 2367 800 2429 erit
834 2369 945 2430 aceedit
960 2368 1016 2443 his,
1033 2371 1182 2451 quodfer·

113 2455 311 2517 sitanLichas
326 2454 415 2516 oflicii
430 2471 519 2516 eausa
540 2452 637 2514 visere
659 2453 853 2530 languentem
873 2454 1058 2522 ιιιιιιιιιιιιιι
1092 2456 1182 2528 videa,
1248 2487 1258 2500 ν

114 2559 206 2622 quam
221 2541 303 2602 valde
320 2529 406 2602 nohis
423 2539 566 2622 expediat,
582 2539 660 2598 ultro
677 2537 833 2599 domiuum
855 2541 893 2601 ad
913 2539 1059 2618 fugientes
1083 2558 1182 2602 aecer-

113 2645 189 2688 sere.
223 2626 273 2688 sed
288 2627 367 2706 linge
382 2645 488 2688 navem
504 2625 540 2686 ab
556 2623 670 2702 ingenti
685 2641 774 2702 posse
790 2642 878 2685 cursu
895 2624 1049 2686 deflectiet
1059 2624 1182 2687 Licham

113 2731 177 2774 non
193 2711 297 2792 utique
312 2711 537 2774 circumiturum
553 2726 708 2806 aegrorum
722 2709 843 2770 cubilia·
846 2710 1008 2838 quomodo
1021 2729 1180 2808 possumus

62 2809 94 2862 ιι
114 2797 216 2878 egredi
231 2817 315 2875 nave,
332 2806 442 2858 utnon
459 2789 676 2893 conspiciamur
691 2811 706 2855 ι
723 2793 863 2857 cunctis?
891 2796 1003 2877 opertis
1019 2803 1102 2876 capit
1081 2797 1180 2868 tibus,

113 2903 154 2946 an
169 2879 281 2945 nudis?
312 2882 434 2962 opertis
450 2883 561 2961 etquis
576 2895 638 2940 uon
651 2881 719 2942 dare
732 2897 853 2942 manum
866 2882 1073 2962 languentibus
1080 2877 1182 2944 rolet‘?

28 2979 34 2994 ’
113 2969 214 3041 nudis,
231 2975 261 3029 et
276 2968 347 3048 quid
363 2969 419 3029 erit
406 2968 511 3029 taliud
526 2984 616 3044 quam
631 2985 663 3026 se
679 2965 1015 3046 ipsospieseriherer‘
1017 2967 1205 3048 quiupoti·l
1191 2965 1251 3026 102

2 3063 16 3080 ⁸
112 3053 158 3116 us'
156 3053 298 3134 inquam
314 3071 367 3150 ego
384 3053 429 3114 ‘ad
445 3051 644 3114 temeritatem
659 3051 847 3130 confugimus
869 3060 899 3113 et
915 3071 970 3132 per
987 3052 1090 3115 funem
1107 3053 1181 3132 lapsi

113 3139 353 3200 descendimus'
345 3159 377 3200 m
398 3139 537 3218 scapham
558 3135 751 3216 praecisoque
769 3125 887 3199 vinculo
907 3139 1022 3218 reliqna
1042 3141 1182 3201 fortunae

61 3231 93 3284 35
113 3221 351 3287 committimus‘?
380 3241 437 3286 nec
462 3240 515 3302 ogo
541 3222 573 3282 in
595 3221 651 3282 hoo
675 3217 837 3300 perieulum
860 3223 1028 3304 Eumolpon
1053 3243 1180 3286 arcesso

112 3310 190 3390 quid
202 3309 283 3370 enim
295 3308 404 3371 attinet
418 3309 610 3370 innocentem
626 3306 722 3370 alieno
743 3308 874 3386 periculo
895 3307 1079 3388 imponere⁶l
1107 3327 1180 3370 cou-

110 3401 215 3456 tentus
230 3413 308 3468 sum,
324 3395 350 3457 si
365 3413 421 3456 nos
437 3392 652 3456 descendentes
667 3391 812 3456 adiuverit
827 3393 930 3455 casus!
969 3393 1071 3455 ‘non
1063 3411 1180 3474 impru-

112 3480 196 3542 dens'
210 3480 307 3561 inquit
318 3469 494 3541 ‘consilium’
507 3478 668 3576 ιιιιιιοιριι
684 3477 720 3538 ‘si
732 3479 845 3541 aditum
858 3480 990 3548 haberet
1021 3479 1088 3560 quis
1101 3480 1180 3541 enim

111 3581 174 3628 non
193 3575 298 3627 euntes
313 3563 452 3628 ιιιιιιιιιι9
473 3564 575 3644 utique
591 3561 781 3644 gubernator,
798 3564 847 3662 qui
863 3565 987 3645 pervigil
1001 3576 1088 3626 noete
1100 3564 1180 3626 side-

60 3667 93 3716 ιι
112 3671 182 3714 rum
197 3667 317 3733 quoque
333 3658 432 3713 motus
447 3659 513 3712 cust
500 3649 600 3712 todit.
616 3657 648 3710 ot
660 3652 840 3730 utcunque
831 3651 946 3732 imponi
961 3651 1007 3711 vel
1021 3649 1182 3712 dormienti

184 3790 195 3839 1
212 3787 237 3837 id
250 3795 290 3838 est
301 3804 347 3854 pro
361 3786 370 3855 ΙΙ
385 3789 416 3840 18
429 3796 455 3839 ιι
469 3788 536 3838 omni
548 3805 594 3840 nos
608 3785 617 3856 ΙΙ
631 3789 663 3838 24
672 3789 795 3854 sortasse
811 3805 890 3840 curva
903 3789 946 3840 via
959 3787 968 3858 ll
982 3789 1013 3839 27
1027 3789 1149 3841 accedere
1162 3787 1171 3856 ll

110 3853 145 3907 28
158 3855 262 3919 urgenti
274 3854 391 3906 ιιιιιιιιιιι
403 3855 413 3924 ll
433 3857 464 3908 36
477 3859 622 3923 impendere
635 3853 767 3908 Iucodeiue
780 3855 790 3924 ΙΙ
803 3857 835 3907 37
847 3858 943 3910 lentum?
954 3857 1084 3910 adiuverit
1096 3865 1184 3909 custos

124 3923 133 3992 ΙΙ
148 3926 181 3974 ιιι
195 3924 411 3976 animadvertenti
424 3930 538 3994 copertos

990 4012 1024 4064 5*
