2860 4340
235 103 276 166 80
690 95 845 156 rnraouu

235 254 406 336 patrimonii
419 253 466 315 sui
480 253 611 318 rationes
626 250 765 332 inspexit,
790 264 899 328 nempe
920 249 998 312 bem
1022 247 1120 322 etiarn,
1148 265 1208 328 quo
1227 263 1343 334 ven-n

236 349 319 402 turus
341 349 418 402 esset
439 339 470 401 in
496 339 629 418 patriam,
654 337 753 400 animo
775 353 830 396 suo
849 334 945 400 finxit.
983 334 1030 422 dii
1049 333 1190 414 deaeque,
1211 352 1305 414 quarn

149 417 154 430 ’
235 427 323 505 louge
338 445 354 486 a
370 425 571 486 destinatione
586 444 639 487 sua
653 423 737 484 iacet.
771 420 906 482 sednon
927 421 989 482 sola
1015 419 1190 483 mortalibus
1211 417 1305 480 maria

235 514 312 573 hanc
332 511 422 573 fidem
443 517 606 590 praestant.
644 509 728 570 illum
748 505 910 568 bellantem
931 524 1015 568 arma
1037 504 1199 584 decipitmt,
1219 503 1306 568 illum

236 597 293 658 diis
307 604 374 657 vota
389 596 566 657 reddentem
585 593 739 676 penatium
754 609 878 654 suorum
899 591 986 654 ruina
1008 589 1124 670 sepelit,
1143 590 1197 656 tlte
1218 589 1305 652 rebi-
1324 605 1338 653 5

237 683 303 743 culo
317 682 417 761 lapsus
432 689 642 762 properantem
654 679 792 758 spiritum
805 676 943 738 excussit.
977 675 1061 737 cibus
1073 674 1192 736 avidum
1205 681 1305 736 stran-

236 767 356 846 gulavit,
373 767 573 829 abstinentem
588 763 752 844 frugalitas.
785 761 811 822 si
826 761 903 824 bone
916 762 1061 824 calcrdum
1072 759 1306 841 ponasubique

237 851 423 932 naufragium
439 859 494 913 est.
528 859 558 912 at
573 851 653 912 enirn
665 846 805 910 fluctibus
817 845 925 910 obruto
937 845 1306 930 noncontingitsgpultu-
1420 867 1421 906 ;

236 957 279 999 ra.
319 945 462 1017 tanquam
485 937 613 1010 intersit,
634 934 802 1016 periturum
822 951 929 1013 corpus
950 951 1026 1014 quae
1045 932 1120 1012 ratio
1135 938 1306 1002 consumat,

235 1023 311 1102 ignis
326 1042 364 1084 an
379 1023 487 1084 ductus
503 1040 541 1083 au
557 1038 649 1082 mora.
684 1017 823 1099 quicquid
844 1018 958 1090 leceris,
982 1019 1081 1079 omnia
1100 1018 1174 1079 haec
1194 1017 1302 1078 eodem
1324 1025 1353 1075 to

236 1115 360 1170 ventura
374 1113 455 1170 suut.
486 1107 567 1169 lerae
582 1115 682 1170 tamen
698 1122 806 1184 corpus
821 1103 1003 1166 lacerabunt.
1036 1111 1180 1184 tauquam
1195 1103 1305 1164 melius

218 1193 314 1272 ,ignis
330 1193 467 1272 accipiat3
489 1192 582 1257 immo
604 1193 682 1254 banc
692 1208 824 1270 poenam
845 1188 1048 1268 gravissimam
1071 1184 1231 1262 credimus
1254 1187 1305 1251 ubi

236 1279 327 1340 servis
343 1278 513 1342 irascimur.
547 1296 622 1358 quae
647 1294 717 1354 ergo
744 1275 897 1337 dementia
922 1281 977 1350 est,
1004 1273 1106 1336 omnia
1131 1273 1240 1348 lacme,
1264 1291 1306 1336 ne

237 1363 309 1444 quid
325 1364 362 1425 de
377 1362 464 1425 nobis
479 1361 629 1443 relinquat
643 1361 796 1443 sepultura
805 1357 836 1420 i’

405 1490 408 1498 .
756 1463 776 1500 il·

323 1542 353 1596 et
366 1531 486 1596 Licham
502 1531 624 1613 quidem
634 1550 723 1612 rogus
735 1529 863 1594 inimicis
875 1529 997 1594 collatus
1010 1527 1147 1591 manibus
1160 1525 1304 1592 adolebat.
1327 1533 1359 1584 15

237 1618 402 1700 Eumolpus
417 1626 515 1681 autem
531 1619 603 1680 dum
619 1618 801 1699 epigramma
817 1624 937 1680 mortuo
948 1614 1028 1688 facit,
1045 1614 1146 1680 oculos
1157 1613 1194 1680 ad
1206 1633 1305 1681 arces-

237 1706 346 1768 sendos
363 1723 470 1768 sensus
486 1704 602 1786 longius
618 1703 711 1766 mittit

250 1836 257 1840 -
757 1812 777 1849 a

170 1881 230 1942 116
322 1875 380 1936 hoc
394 1882 512 1954 peracto
529 1875 655 1936 libenter
664 1873 760 1935 officio
770 1871 951 1934 destinatum
964 1869 1113 1950 carpimus
1122 1869 1179 1931 iter
1192 1889 1227 1932 ac
1238 1889 1306 1932 mo-

238 1966 341 2022 mento
357 1961 502 2039 temporis
518 1961 693 2022 inmontem
702 1960 845 2021 sudantes
854 1956 1095 2027 conscendimus,
1112 1974 1215 2036 exquo
1226 1957 1306 2018 haud

239 2045 342 2125 procul
356 2045 530 2124 impositum
556 2063 623 2106 arce
644 2043 766 2106 sublimi
786 2043 928 2123 oppidum
952 2041 1111 2104 cernimus.
1144 2059 1199 2102 nec
1226 2041 1306 2122 quod
1326 2049 1360 2101 20

241 2137 331 2204 esset,
347 2131 514 2194 sciebamus
530 2136 673 2203 errantes,
697 2129 792 2190 donec
811 2147 827 2190 a
845 2127 927 2188 vilico
943 2127 1072 2208 quodam
1088 2126 1217 2192 Crotona
1240 2147 1307 2193 esse

241 2215 445 2294 cognovimus,
461 2217 568 2281 urbem
584 2213 823 2296 antiquissimam
838 2212 1036 2292 utaliquando
1052 2211 1152 2275 ltaliae
1167 2211 1306 2293 primam.

241 2318 309 2362 curn
325 2300 431 2362 deinde
447 2300 615 2380 diligentius
632 2301 861 2381 exploraremus
882 2299 933 2378 qui
952 2297 1090 2360 homines
1103 2297 1308 2362 inhabitarent

240 2384 339 2448 nobile
355 2387 462 2458 solum,
484 2387 601 2466 quodve
622 2403 714 2465 genus
736 2383 946 2463 negotiationis
967 2383 1125 2462 praecipue
1145 2384 1308 2464 probarent

239 2479 307 2551 post
321 2472 437 2534 attritas
452 2472 536 2534 bellis
553 2470 759 2551 frequentibus
774 2489 855 2550 opes,
878 2475 905 2531 ‘o
921 2467 971 2530 mi'
994 2468 1091 2550 inquit
1107 2469 1260 2552 ‘hospites
1281 2470 1307 2531 si
1325 2481 1360 2533 25

239 2557 439 2635 negotiatores
455 2557 537 2631 estis,
554 2565 669 2620 mutate
684 2556 872 2638 propositum
885 2554 1023 2633 aliudque
1035 2553 1111 2618 vitae
1123 2553 1307 2635 praesidium

240 2643 381 2720 quaerite.
415 2642 574 2706 sinautem
591 2642 758 2704 urbanioris
774 2639 1008 2705 notaebomines
1021 2641 1175 2708 sustinctis
1188 2660 1308 2722 semper

240 2727 371 2798 mentiri,
387 2736 466 2789 recta
482 2728 518 2788 ad
534 2728 650 2792 lucrum
665 2727 794 2790 curritis.
828 2726 860 2786 iu
875 2726 931 2788 hac
946 2725 1028 2787 enirn
1044 2725 1117 2788 urbe
1132 2745 1195 2791 non
1206 2727 1307 2788 litera-

239 2830 307 2874 rum
323 2812 419 2874 studia
434 2812 630 2885 celebrantur,
648 2831 711 2874 non
723 2811 891 2891 eloquentia
906 2810 1006 2872 locum
1017 2811 1114 2883 babet,
1131 2829 1193 2875 non
1205 2811 1307 2892 fruga-

240 2896 306 2958 litas
322 2897 475 2978 sanctique
492 2916 588 2960 mores
603 2895 739 2959 laudibus
752 2897 788 2958 ad
800 2896 931 2958 lructum
942 2895 1133 2975 perveniunt,
1141 2895 1202 2960 ‘sed
1214 2917 1307 2978 quos·
1325 2907 1360 2959 30

241 2999 360 3062 cunque
380 2982 519 3046 homines
535 2984 568 3046 in
588 2984 643 3045 bac
665 2982 737 3046 urbe
752 2982 892 3056 videritis,
920 2981 1026 3044 scitote
1051 2980 1083 3045 in
1110 2981 1191 3052 duas,
1207 2991 1308 3064 partes

242 3087 308 3130 esse
338 3067 457 3130 divisos.
500 3088 570 3131 nam
600 3076 651 3130 aut
680 3075 834 3148 captantur
863 3075 914 3129 aut
932 3073 1060 3148 captant.
1097 3067 1128 3130 iu
1154 3070 1209 3132 bac
1234 3069 1309 3132 urbe

241 3170 330 3215 nemo
342 3153 454 3216 liberos
470 3153 553 3227 tollit,
582 3154 649 3235 quia
672 3154 808 3235 quisquis
832 3171 903 3216 suos
919 3153 1044 3214 heredes
1060 3153 1160 3227 habet,
1187 3173 1250 3219 non
1271 3155 1307 3218 ad

241 3257 345 3310 cenas,
367 3258 430 3301 non
450 3240 485 3300 ad
507 3240 672 3320 spectacula
698 3239 879 3311 admittitur,
901 3237 953 3300 sed
975 3238 1114 3301 omnibus
1134 3239 1310 3320 prohibetur

242 3324 423 3402 commodis,
450 3325 529 3388 inter
553 3324 769 3404 ignominiosos
792 3323 896 3386 latitat.
955 3323 1006 3402 qui
1029 3343 1098 3387 vero
1120 3345 1175 3390 nec
1200 3343 1308 3392 uxores
1327 3339 1360 3391 35
1425 3377 1426 3396 .

150 3459 153 3465 .
241 3426 375 3488 unquam
402 3409 549 3473 duxerunt
580 3430 637 3472 nec
668 3407 818 3490 proximas
841 3407 1075 3472 necessitudines
1110 3410 1240 3484 babent,
1261 3403 1310 3478 'ad

243 3513 378 3556 summos
394 3494 522 3558 honores
538 3494 724 3576 perveniunt,
740 3492 770 3555 id
786 3500 833 3556 est
846 3491 902 3555 soli
914 3492 1066 3566 militares,
1082 3493 1310 3567 solilortissimi

170 3619 204 3663 .·
242 3585 331 3660 atque
356 3579 447 3642 etiam.
467 3581 644 3644 innocentes
669 3577 825 3671 habentur.
878 3577 1006 3652 adibitis’
1032 3577 1129 3660 inquit
1155 3581 1307 3662 ‘oppidum
1420 3616 1424 3635 .

311 3717 326 3767 8
339 3717 445 3782 contigit
457 3715 467 3785 ll
483 3717 512 3768 13
526 3718 626 3769 euobis
638 3717 649 3783 ΙΙ
663 3719 694 3770 19
701 3719 789 3785 potius
806 3714 965 3767 escendimus
978 3714 988 3784 ΙΙ
1000 3717 1033 3768 20
1050 3721 1145 3768 conieci
1154 3719 1277 3770 munitum
1289 3717 1298 3786 ll

240 3783 403 3918 iiiiigbisu
418 3786 448 3837 37
466 3785 505 3837 hii
524 3786 575 3838 ooli
591 3787 757 3855 apographon
774 3781 1171 3854 anmtqppm,d,38,agdchitis
1193 3786 1311 3854 lsortoa-
