2860 4340
238 111 297 176 138
691 113 841 173 conmitti

341 285 379 328 ne
396 266 472 327 desit
485 265 550 338 sibi,
567 268 731 329 mentulam
747 284 858 348 rogare.

340 353 480 414 hesterna
495 372 613 433 quoque
628 354 694 414 luce
709 354 781 416 dum
796 362 945 434 precatur,
964 416 967 424 Δ

341 439 466 499 dentem
476 439 512 520 dc
523 435 618 502 tribus
631 440 774 502 excreavit
784 457 891 501 unum.
909 498 911 508 ,
946 498 950 502 .

276 536 307 587 10
343 522 431 606 ‘tolle'
446 523 569 604 inquam
586 525 699 604 ‘procul
714 543 748 586 ac
762 525 831 588 iube
846 527 938 588 latere

339 607 431 670 scissa
446 609 502 670 sub
517 610 617 675 tunica
633 611 768 690 stolaque
783 614 858 682 rufa,

279 737 283 744 ·
339 701 373 754 nt
387 713 506 774 semper
517 696 601 768 solet,
617 703 647 756 et
660 696 768 757 timere
782 697 890 770 lucem,

340 780 390 859 qui
405 788 487 842 tanto
503 789 586 860 patet
600 781 741 844 indecens
750 781 847 854 biatu,

340 866 462 928 barbato
477 885 577 931 macer
592 867 742 930 eminente
758 884 841 939 naso,

276 964 305 1016 15
340 958 374 1012 ut
390 951 492 1016 credas
506 951 656 1033 Epicuron
672 951 810 1018 oscitari!

653 1129 797 1192 *Xlll

339 1231 495 1294 Percidere
510 1251 595 1313 puer,
610 1249 734 1294 moneo:
749 1237 866 1295 futncre
878 1233 991 1312 puella:

380 1317 540 1380 barbatum·
552 1319 648 1380 furem
663 1318 749 1380 tertia
764 1336 867 1399 poena·
877 1324 985 1380 manet.

669 1501 675 1512 ’
726 1505 806 1567 llllll

339 1607 404 1670 Huc
419 1609 486 1682 huc,
503 1608 637 1689 quisquis
653 1629 694 1680 es,
711 1610 741 1670 in
758 1609 806 1670 dei
822 1610 924 1672 solacis

341 1693 454 1755 deverti
468 1712 605 1773 gravene
620 1703 692 1774 puta
707 1697 857 1757 sacellum.

321 1808 324 1816 ·
341 1787 370 1841 ct
386 1780 411 1840 si
426 1788 514 1842 nocte
530 1781 587 1841 luit
601 1782 697 1860 puella
713 1790 823 1854 tecum,

339 1866 394 1926 hac
407 1885 441 1926 re
456 1865 536 1946 quod
553 1874 666 1928 metuas
682 1867 772 1938 adire,
790 1884 850 1928 non
867 1875 920 1927 est.

287 1968 302 2016 t
338 1951 415 2013 istuc
430 1951 583 2012 caelitibus
599 1952 686 2014 datur
700 1953 828 2014 severis:

337 2056 393 2098 nos
407 2055 518 2115 vappae
534 2055 637 2098 snmus
654 2045 684 2098 ct
698 2038 803 2116 pusilla
819 2037 890 2098 culti

336 2122 414 2183 ruris
429 2122 563 2192 numina,
579 2139 635 2183 nos
651 2124 765 2202 pudore
781 2123 866 2202 pulso
976 2177 979 2184 .

337 2213 450 2269 stamus
465 2207 521 2268 sub
537 2208 604 2269 Iove
620 2208 712 2270 coleis
727 2208 846 2288 apertis.

340 2311 411 2372 ergo
427 2292 551 2374 quilibet
565 2295 624 2354 huc
639 2293 738 2356 licebit
752 2294 844 2355 intret

272 2395 303 2444 tu
341 2379 424 2459 nigra
440 2379 562 2441 fornicis
579 2378 690 2442 oblitus
705 2380 810 2442 fauilla.

742 2545 794 2607 XV

342 2649 507 2712 Commisso
524 2650 597 2712 mihi
613 2667 675 2712 non
691 2650 762 2712 satis
779 2648 930 2713 modestas

342 2735 513 2814 quicunque
528 2735 659 2798 attulerit
674 2753 781 2798 manus
797 2734 898 2813 agello,

340 2821 366 2883 is
383 2839 431 2880 me
447 2819 557 2881 sentiet
571 2839 636 2881 esse
652 2838 714 2880 non
729 2820 902 2900 spadonem.

181 2965 184 2968 .
287 2912 301 2960 5
339 2906 417 2967 dicat
431 2906 557 2966 forsitan
572 2906 644 2968 hacc
658 2905 714 2966 sibi
727 2905 806 2986 ipse:
822 2909 921 2969 ‘nemo

287 2997 303 3046 4
338 2991 388 3052 hie
402 2989 481 3052 inter
496 2988 618 3052 frutices
634 2991 698 3052 loco
713 2998 830 3052 remoto

340 3075 490 3156 percisum
506 3077 580 3138 sciet
595 3094 661 3137 esse
676 3076 743 3147 me’,
759 3076 812 3140 sed
828 3083 920 3136 errat:
1010 3099 1017 3106 ·

341 3161 455 3240 magnis
471 3162 596 3224 testibus
611 3161 666 3223 ista
681 3180 730 3224 res
746 3170 858 3241 agetur.
969 3234 972 3240 1

735 3345 799 3408 XVI

341 3450 482 3526 Qualibus
497 3451 699 3533 Hippomenes
713 3450 813 3534 rapuit
828 3449 1013 3514 Schoeneida
1028 3447 1135 3530 pomis,

384 3538 520 3617 qualibus
536 3537 733 3617 Hesperidum
749 3535 855 3599 nobilis
871 3535 974 3596 hortus
991 3543 1061 3609 crat,

343 3623 439 3703 qualia
456 3623 595 3685 credibile
611 3632 656 3685 est
670 3622 848 3703 spatiantem
862 3637 931 3681 rure
948 3630 1072 3701 paterno

385 3708 559 3770 Nausicaam
574 3710 663 3789 pleno
680 3727 768 3788 saepe
783 3706 889 3767 tulisse
905 3705 982 3772 sinu,

269 3858 317 3911 Xll
330 3860 428 3911 Snooto
439 3863 532 3914 coemat
542 3861 555 3927 ll
566 3859 624 3915 x111
635 3861 647 3912 l
658 3861 808 3926 praecidere
821 3857 830 3925 l
842 3857 933 3910 xilllc
946 3859 988 3910 oni
998 3858 1061 3909 libet
1069 3855 1151 3910 codem
1157 3855 1304 3908 Vaticanus
