2860 4340
592 149 751 234 proruam·

242 312 374 396 cymbala
391 332 458 376 cnm
475 311 603 387 crotalis,
618 313 779 394 pruriginis
795 329 887 384 arma,
903 311 1010 393 Priapo

286 402 371 482 ponit
386 408 416 462 et
432 399 556 461 adducta
567 408 707 479 tympana
722 399 806 480 pulsa
821 415 928 461 manu:

243 506 297 568 pro
313 486 431 567 quihus,
446 494 480 546 ut
494 503 613 565 semper
624 486 737 566 placeat
750 484 963 566 spectantibus,
980 492 1054 559 orat,
1131 504 1147 554 5

287 580 427 652 tontaque
444 572 481 634 ad
498 571 667 651 exemplum
686 571 725 632 sit
743 589 795 633 sna
810 571 898 656 turba
916 570 972 632 dei.

608 755 726 820 XXVIII

244 862 300 937 Tu,
315 863 442 944 quinon
457 860 534 924 bene
549 861 661 940 cogitas
676 870 706 924 et
721 881 805 942 aegre

244 949 393 1029 carpendo
408 947 464 1010 tibi
477 956 626 1029 temperas
642 949 677 1010 ah
692 949 789 1019 horto,

243 1034 417 1115 pedicahere
438 1033 549 1094 fascino
565 1033 671 1113 pedali.

245 1120 326 1200 qnod
340 1120 366 1181 si
380 1127 440 1181 tam
456 1119 552 1198 gravis
568 1127 597 1179 et
612 1118 738 1180 molesta
753 1135 852 1198 poena

244 1223 306 1266 non
321 1205 492 1286 profecerit,
507 1204 611 1265 altiora
626 1211 755 1283 tangam.

606 1391 737 1456 XXVIIII

245 1495 399 1569 Obscenis,
415 1515 545 1577 peream,
561 1493 675 1578 Priape,
691 1496 794 1560 sinon
910 1539 913 1548 -

243 1583 289 1644 uti
303 1602 352 1644 me
366 1583 459 1663 pudet
473 1582 677 1663 improbisque
691 1581 799 1644 verbis.

243 1669 295 1731 sed
312 1687 380 1730 cum
395 1677 428 1731 tu
442 1669 539 1749 posito
556 1669 629 1732 deus
644 1669 758 1748 pudore

243 1755 384 1816 ostendas
399 1754 471 1816 mihi
488 1753 586 1817 coleos
602 1763 747 1833 patentes,

243 1859 311 1902 cum
328 1859 428 1903 cunno
443 1840 518 1902 mihi
534 1840 665 1931 mentula
682 1849 725 1902 est
739 1835 880 1900 vocanda.

629 2023 712 2090 XXX
774 2070 779 2078 -

243 2132 339 2196 ‘Falce
354 2131 454 2196 minax
471 2141 500 2195 ct
514 2139 599 2213 parto
614 2133 657 2194 tui
672 2133 794 2206 maiore,
810 2128 925 2211 Priape,

287 2220 325 2282 ad
340 2219 467 2291 iontem,
483 2237 602 2300 quaeso,
619 2217 666 2281 dic
680 2219 754 2280 mihi
770 2237 828 2299 qua
844 2217 883 2280 sit
898 2209 974 2278 iter.⁹

244 2305 317 2367 vade
332 2324 386 2385 per
400 2305 453 2368 has
469 2306 554 2378 vites,
571 2323 698 2384 quarum
714 2305 740 2366 si
754 2302 899 2383 carpseris
914 2321 994 2376 uvas,

286 2410 338 2454 cnr
353 2391 439 2454 aliter
453 2411 564 2463 sumas,
580 2390 698 2472 hospes,
712 2389 833 2452 habebis
849 2406 966 2470 aquam.

620 2591 715 2653 XXXI

131 2689 137 2702 ‘
243 2692 345 2758 Donec
359 2703 493 2777 proterva
508 2695 551 2756 nil
563 2695 623 2758 mei
639 2713 730 2758 manu
745 2711 856 2774 carpes,
959 2713 964 2722 ·

243 2781 343 2844 licebit
358 2782 421 2862 ipsa
437 2783 477 2845 sis
491 2782 627 2863 pudicior
641 2784 740 2845 Vesta.

243 2867 301 2937 sin,
318 2868 391 2931 haec
406 2869 464 2930 mei
479 2877 510 2929 te
525 2869 637 2931 ventris
652 2885 733 2931 arma
745 2867 896 2942 lambunt,

244 2953 324 3016 ariae
340 2961 373 3016 ut
387 2954 452 3035 ipse
468 2956 505 3016 de
518 2962 569 3016 tuo
586 2971 678 3035 queas
694 2954 770 3017 culo.

617 3121 725 3186 XXXII

243 3223 311 3288 Vuis
327 3224 437 3289 aridior
451 3227 549 3308 puella
562 3230 668 3308 passis,

242 3309 321 3372 buxo
337 3313 472 3392 pallidior
486 3331 622 3395 novaque
638 3333 715 3387 cera,
786 3323 798 3342 ⁸

243 3395 362 3458 collatas
378 3397 434 3459 sihi
451 3400 663 3480 quae'suisque
679 3397 822 3461 memhris

242 3482 384 3564 formicas
398 3484 467 3546 lacit
482 3484 576 3547 altiles
591 3485 696 3558 videri,
808 3489 811 3498 ’

242 3567 327 3630 cuius
344 3569 455 3632 viscera
470 3588 533 3632 non
549 3579 650 3652 aperta
666 3571 780 3632 'luscus
890 3599 892 3606 ·

241 3669 296 3732 por
310 3655 419 3733 pellem
433 3657 544 3737 poterit
559 3657 657 3718 videre
672 3656 830 3735 haruspex,
873 3685 875 3692 v

242 3756 318 3818 quae
332 3758 404 3804 suco
419 3749 501 3806 caret
516 3761 612 3824 usque
627 3742 723 3824 putris
737 3759 856 3822 pumen

134 3867 349 3887 m

145 3881 152 3888 -
200 3917 280 3972 XXX
292 3921 309 3971 4
321 3937 399 3988 aquas
412 3917 422 3990 I
435 3917 525 3974 XXXI
538 3924 554 3976 4
565 3923 622 3992 ipsa
634 3923 644 3993 ll
657 3919 759 3977 XXXII
775 3925 790 3975 7
804 3933 882 3992 usqne
898 3935 994 3990 quoqne
1006 3937 1098 3991 pumex
1110 3925 1207 3976 uuicti
