2864 4344
222 113 261 176 30
672 105 825 159 enrnonn

220 267 318 328 iacere
330 265 410 346 quod
421 283 455 324 se
465 264 554 336 iuvet,
570 269 598 323 et
610 261 717 323 medici
728 270 830 323 vetant
841 262 1003 323 continere.
1035 260 1081 322 rel
1092 260 1116 321 si
1130 259 1201 340 quid
1217 260 1288 340 plus
1309 269 1343 320 H
1422 269 1423 336 l

220 352 311 423 venit,
327 343 428 411 omnia
443 349 522 409 foras
537 356 638 428 parata
653 357 738 409 sunt:
755 366 839 428 aqua,
856 347 948 408 lasani
964 354 993 407 et
1008 354 1104 408 cetera
1120 345 1286 407 minutalia.

221 436 332 499 credite
358 435 441 508 mihi,
468 432 676 514 anathymiasis
703 433 735 494 in
756 431 911 494 cerebrum
932 433 955 493 it
971 432 1047 494 etin
1073 439 1136 493 toto
1158 449 1287 511 corpore
1422 463 1423 488 r

221 524 345 584 fluctum
360 520 439 582 iacit.
462 519 572 580 multos
588 518 649 580 seio
665 518 709 580 sic
723 517 854 598 periisse,
876 519 948 580 dum
972 518 1080 580 nolunt
1100 517 1156 578 sibi
1179 534 1286 579 verum
1422 503 1423 534 ¹

188 642 190 648 .
221 607 336 669 dicero!
366 606 471 685 gratias
488 605 603 683 agimus
619 603 785 665 liberalitati
801 603 1062 683 indulgentiaeque
1078 603 1150 674 eius,
1167 611 1196 663 et
1212 601 1288 664 sub-
1309 619 1326 669 5
1422 609 1423 618 ’

221 693 292 754 inde
313 693 491 770 castigamus
513 689 626 750 crebris
648 689 829 769 potiunculis
843 689 949 751 risum.
980 707 1037 750 nee
1058 688 1152 750 adhue
1171 687 1288 750 scieba-
1422 685 1423 694 ’

223 797 289 839 mus
304 795 360 838 nos
375 777 407 838 in
422 775 519 836 medio
534 774 728 847 lautitiarum,
750 774 829 854 quod
845 775 937 848 aiunt,
959 775 1034 835 clivo
1050 774 1193 836 laborare.
1216 791 1289 836 nam

223 882 290 925 cum
306 861 454 923 mundatis
469 862 505 923 ad
517 860 724 940 symphoniam
737 859 849 921 mensis
861 868 921 922 tres
932 860 990 921 albi
1001 879 1069 922 sues
1081 859 1112 921 in
1123 858 1290 921 triclinium

223 948 341 1010 adducti
349 946 559 1026 sunteapistris
572 955 602 1007 et
609 945 817 1007 tintinnabulis
829 944 907 1018 culti,
924 964 1053 1025 quorum
1064 963 1160 1007 unum
1172 945 1288 1006 bimum

224 1033 450 1096 nomenculator
465 1050 530 1092 esse
550 1031 674 1105 dicebat,
700 1033 825 1092 alterum
846 1031 980 1105 trimum,
1005 1031 1127 1092 tertium
1143 1030 1289 1112 veroliam
1315 1043 1350 1093 to
1422 1061 1423 1074 κ

224 1131 397 1190 sexennem,
412 1136 467 1196 ego
483 1115 622 1196 putabam
639 1116 860 1196 petauristarios
879 1117 1004 1178 intrasse
1026 1124 1057 1177 et
1072 1133 1186 1196 porcos,
1210 1116 1291 1176 sieut

161 1200 163 1206 ’
224 1204 256 1266 in
271 1203 388 1266 circulis
403 1221 468 1263 mos
486 1209 539 1275 est,
560 1209 698 1282 portenta
710 1201 807 1282 aliqua
819 1203 965 1276 iactur0s3
980 1204 1031 1264 sed
1043 1200 1221 1264 Trimalchio
1238 1219 1290 1262 ex-

224 1288 390 1370 pectatione
406 1288 539 1350 discussa
555 1287 663 1367 ‘quem'
679 1288 776 1366 inquit
793 1289 838 1348 ‘ex
855 1289 897 1350 eis
914 1288 1002 1349 vultis
1018 1288 1049 1349 in
1064 1305 1169 1349 cenam
1186 1286 1290 1348 statim

224 1371 312 1436 lieri?
328 1373 434 1452 gallum
452 1373 532 1434 enim
548 1373 750 1452 gallinaceum,
773 1373 964 1452 penthiacum
980 1381 1010 1434 et
1025 1373 1171 1434 eiusmodi
1186 1372 1293 1452 naeni-

225 1479 256 1522 as
265 1459 367 1520 rustici
376 1458 503 1520 faciunt:
519 1458 745 1520 meicocietiam
754 1459 858 1520 vitulos
867 1477 942 1520 aeno
952 1467 1050 1520 coctos
1062 1460 1158 1520 solent
1172 1457 1291 1519 lacere)
1315 1472 1351 1523 15

226 1545 428 1625 continuoque
445 1562 548 1605 cocum
566 1544 662 1605 vocari
677 1543 767 1605 iussit
783 1553 812 1605 et
827 1563 888 1605 non
904 1551 1057 1623 expectata
1072 1545 1218 1605 electione
1234 1561 1291 1604 no-

227 1637 288 1692 stra
303 1630 465 1691 maximum
480 1637 551 1692 natu
572 1629 676 1708 [iussit]
695 1629 796 1690 occidi.
828 1637 857 1690 et
877 1631 952 1691 clara
969 1649 1040 1691 voce
1061 1626 1107 1691 ‘ex
1121 1629 1221 1710 queta’
1243 1633 1293 1690 ire-

226 1719 286 1796 qoit
300 1715 429 1777 ‘decuria
446 1712 509 1776 esi'
525 1735 593 1776 cum
609 1714 657 1776 illo
672 1733 728 1776 esse
743 1733 775 1776 se
788 1735 824 1776 ex
838 1715 1063 1795 quadragesima
1078 1714 1293 1795 respondisset,

227 1801 391 1880 ‘empticius
407 1799 567 1882 an'inquit
582 1800 672 1861 ‘domi
687 1798 807 1863 natusi’
830 1800 990 1862 ‘neutrum’
1011 1801 1109 1880 inquit
1124 1817 1212 1861 cocus
1229 1799 1293 1859 ‘sed

226 1893 407 1948 testamento
423 1885 535 1948 Pansae
550 1885 602 1946 tibi
618 1887 735 1960 relictus
750 1885 837 1947 sum!
868 1886 943 1946 ‘vide
955 1887 1033 1963 ergo'
1049 1886 1091 1962 ait
1106 1891 1148 1947 ‘ut
1165 1886 1292 1964 diligen·
1313 1899 1352 1948 20

226 1980 273 2032 ter
288 1988 395 2050 ponas3
416 1971 441 2030 si
456 1989 528 2042 non,
548 1978 578 2031 te
593 1969 702 2032 iubebo
723 1971 755 2031 in
776 1970 929 2032 decuriam
948 1971 1093 2034 viatorum
1116 1971 1231 2032 conici’
1263 1977 1294 2031 et

227 2075 332 2117 eoeum
348 2055 467 2136 quidem
481 2057 629 2134 potentiae
646 2056 831 2117 admonitum
844 2057 875 2118 in
888 2056 1015 2118 culinam
1027 2057 1184 2118 obsonium
1198 2055 1293 2133 duxit,

77 2173 80 2177 ·
175 2143 216 2204 48
227 2140 406 2202 Trimalchio
420 2150 520 2203 autem
536 2142 599 2202 miti
616 2142 654 2227 id
676 2160 731 2202 nos
747 2142 828 2202 vultu
846 2143 977 2222 respexit
998 2151 1027 2203 et
1049 2141 1170 2203 ‘vinum’
1194 2142 1295 2221 inquit

230 2227 343 2288 ‘sinon
359 2227 463 2306 placet,
480 2228 616 2303 mutab03
640 2246 691 2288 vos
705 2227 778 2288 illud
799 2234 916 2306 oportet
935 2227 1048 2288 bonum
1064 2228 1187 2289 faciatis.
1218 2228 1293 2288 deo-

228 2331 295 2374 rum
310 2312 453 2374 beneficio
468 2329 530 2374 non
547 2331 624 2390 emo,
641 2312 693 2372 sed
709 2331 790 2375 nunc
804 2312 947 2393 quiequid
968 2314 1004 2374 ad
1028 2312 1146 2375 salivam
1161 2313 1240 2385 facit,
1262 2312 1295 2375 in
1314 2327 1352 2379 25

229 2398 400 2459 suburbano
416 2398 548 2458 nascitur
562 2418 606 2470 eo,
629 2399 709 2477 quod
724 2415 777 2476 ego
794 2399 889 2459 adhue
902 2416 965 2459 non
979 2398 1061 2459 novi.
1092 2398 1199 2460 dieitur
1219 2415 1296 2459 eon·

228 2483 288 2544 line
303 2501 368 2544 esse
383 2482 657 2545 Tarraciniensibus
673 2490 703 2544 et
718 2484 895 2545 Tarentinis.
927 2501 1008 2545 nunc
1019 2484 1202 2563 coniungere
1214 2485 1295 2563 agel*

135 2565 138 2571 ’
229 2568 265 2630 lis
281 2568 405 2630 Siciliam
421 2570 496 2642 volo,
513 2577 547 2634 ut
562 2589 629 2632 oum
641 2570 770 2630 Africam
786 2569 905 2632 libuerit
919 2569 970 2638 ire,
985 2589 1039 2650 per
1051 2589 1134 2632 meos
1149 2572 1222 2631 lines
1238 2588 1296 2631 na-

231 2654 334 2732 vigem.
372 2655 424 2718 sed
445 2673 533 2716 narra
554 2663 588 2716 tu
607 2656 692 2727 mibi,
715 2655 938 2734 Agamemnon,
949 2674 1039 2734 quam
1059 2655 1296 2716 controversiam

230 2740 317 2800 hodie
333 2737 525 2801 declamasti?
541 2759 593 2820 ego
610 2741 697 2801 etiam
714 2741 738 2800 si
754 2757 856 2802 causas
873 2759 935 2801 non
951 2759 1014 2819 ago,
1036 2741 1068 2801 in
1084 2740 1295 2802 domusionem
1315 2759 1352 2810 30
1422 2767 1423 2774 ¹

132 2863 134 2880 ,
230 2832 331 2886 tamen
346 2824 445 2886 literas
461 2825 559 2886 didici.
587 2833 616 2886 et
632 2844 670 2886 ne
686 2843 733 2886 me
748 2833 835 2905 putes
851 2825 947 2887 studia
964 2825 1137 2899 fastiditum,
1159 2826 1184 2887 ll
1200 2826 1295 2905 bybli-

142 2966 144 2970 .
231 2909 350 2971 ethecas
372 2910 475 2980 babeo,
497 2927 590 2973 unam
610 2911 761 2984 Graecam,
783 2912 903 2972 alteram
924 2911 1069 2976 Latinam.
1100 2912 1147 2973 dio
1168 2929 1248 2990 ergo,
1271 2911 1297 2974 si

231 3013 280 3056 me
292 3013 384 3068 amas,
396 2995 564 3074 peristasim
576 2996 796 3058 declamationis
807 2996 895 3058 tuoe!
918 3017 987 3058 eum
999 2997 1121 3059 dixisset
1134 2998 1296 3076 Agamem-

231 3097 308 3140 non:
337 3088 503 3159 ‘pauperet
518 3081 601 3142 dives
616 3081 728 3142 inimici
744 3081 847 3156 erant',
874 3081 914 3143 ait
935 3082 1114 3145 Trimalchio
1141 3083 1223 3162 ‘quid
1250 3091 1297 3144 est

230 3162 377 3244 pauperi'
393 3166 525 3228 ‘urbane’
547 3167 644 3247 inquit
663 3167 868 3246 Agamemnon
892 3174 921 3229 et
942 3168 1041 3230 nescio
1063 3187 1152 3249 quam
1174 3177 1295 3231 contro·
1315 3185 1350 3234 35

230 3250 355 3311 versiam
373 3251 517 3330 exposuit.
540 3253 640 3315 statim
655 3252 834 3314 Trimalchio
853 3252 925 3314 ‘hoc’
946 3254 1044 3334 inquit
1059 3255 1095 3316 ‘si
1110 3255 1222 3316 factum
1238 3261 1295 3332 est,

231 3336 430 3398 controversia
446 3354 509 3396 non
525 3346 583 3412 est3
597 3338 625 3398 si
640 3339 751 3399 iactum
766 3354 828 3399 non
845 3347 898 3411 est,
915 3338 989 3400 nihil
1004 3339 1067 3402 est!
1096 3341 1170 3403 haee
1182 3340 1296 3420 aliaque

231 3421 748 3503 cum-effusissimisprosequeremur
759 3423 985 3496 laudationibus,
1001 3424 1092 3505 ‘rogo'
1105 3426 1298 3507 inquit‘xgae

232 3524 375 3567 memnon
391 3506 463 3567 mibi
479 3507 640 3583 carissime,
655 3509 801 3589 numquid
817 3510 975 3570 duodecim
991 3529 1148 3573 aerumnas
1163 3511 1297 3573 Herculis

232 3597 325 3665 tenes,
341 3599 391 3652 aut
407 3592 443 3653 de
458 3593 538 3654 Vlixe
552 3594 692 3668 fabulam,
708 3595 963 3674 quemadmodum
974 3596 1014 3657 illi
1027 3593 1298 3677 Cyclops'pollicem
1316 3618 1350 3668 40
1422 3625 1423 3686 p

300 3779 376 3843 ique
390 3775 399 3845 ll
413 3779 428 3830 8
442 3779 625 3831 commendatis
637 3780 754 3832 hareses
767 3779 775 3849 ll
791 3780 819 3830 11
835 3797 920 3833 sonent
934 3780 942 3850 ll
958 3784 987 3835 19
1006 3790 1080 3836 natus
1090 3798 1118 3834 es
1134 3783 1180 3836 sed
1191 3799 1220 3835 cs
1233 3784 1299 3838 dele·
1422 3735 1423 3796 i

148 3903 152 3913 Δ
229 3849 287 3898 tum
299 3843 308 3914 ΙΙ
322 3846 354 3896 22
367 3847 467 3912 quidem
480 3863 565 3900 cocum
578 3850 690 3916 potentie
704 3847 713 3916 l}
727 3849 759 3900 30
772 3857 856 3901 autom
868 3850 911 3920 sii
926 3852 1056 3905 divisione
1069 3849 1078 3920 ll
1092 3853 1122 3906 31
1136 3859 1191 3906 tres
1257 3849 1259 3858 ¹
