2864 4344
221 59 265 188 gp
552 139 555 146 ›
672 85 827 172 romono

220 276 385 341 adventicia
405 275 541 355 excipere
569 271 736 354 frequentia
759 267 843 335 solet.
882 281 1015 336 ceterum
1041 287 1082 333 ne
1107 273 1159 350 [et]
1185 281 1285 338 tecum
1309 287 1331 340 t

221 382 340 444 quoque
354 362 483 425 babeam·
494 361 661 431 rixandum,
681 367 745 421 toto
767 360 814 420 die
831 359 931 420 moab
949 359 1006 422 hoc
1030 358 1095 421 oibo
1110 357 1286 423 abstinebo'

222 447 332 512 ‘immo’
348 449 470 529 inquam
486 463 541 526 ego
557 447 593 508 ‘si
604 446 702 508 eiuras
714 446 890 507 hodiernam
908 445 1007 519 bilem,
1023 461 1084 507 una
1101 446 1284 541 cenabimus’

306 613 416 685 mando
432 621 632 685 aedicularum
649 556 763 684 custodi
779 621 902 684 cenulae
917 619 1051 684 crucium

740 733 760 770 at

167 793 205 856 ut
305 797 389 860 rideo
413 797 519 860 Gitona
545 811 614 860 curn
635 797 735 858 linteis
751 803 781 860 et
796 795 962 876 strigilibus
983 796 1090 876 parieti
1112 795 1284 876 applicitum
1303 814 1319 864 5

219 884 333 946 tristem
354 884 581 964 confusumque.
622 884 723 958 scires,
743 901 805 945 non
825 884 954 946 libenter
974 881 1095 946 sordre.
1129 882 1231 963 itaque
1250 890 1285 945 ut

219 970 455 1050 experimentum
470 971 624 1032 oculorum
640 987 774 1050 caperem

219 1056 364 1118 convertit
388 1056 436 1117 ille
467 1056 598 1117 solutum
629 1057 738 1134 gaudio
775 1055 891 1116 rubum
929 1062 959 1116 et
991 1053 1152 1115 ‘miserere'
1186 1054 1285 1136 inquit

219 1141 332 1204 ‘fratem
366 1141 417 1202 ubi
438 1159 519 1203 arma
540 1154 600 1202 non
624 1149 706 1216 sunt,
731 1141 823 1204 libere
844 1141 958 1221 loquor.
992 1140 1075 1219 eripe
1101 1157 1150 1201 me
1176 1141 1285 1202 latroni

220 1236 345 1290 cruento
360 1234 390 1288 et
405 1227 535 1306 qualibet
550 1225 669 1288 saevitia
685 1226 899 1307 poenitentiam
915 1225 1021 1290 iudicis
1035 1225 1080 1286 tui
1095 1225 1177 1306 puni.
1212 1227 1284 1288 satis
1305 1238 1336 1290 lu
1430 1267 1431 1280 ,

219 1331 361 1393 magnum
377 1314 434 1375 erit
448 1313 557 1374 misero
572 1312 724 1387 solacium,
739 1322 791 1375 tua
804 1314 958 1374 voluntate
970 1310 1130 1374 cecidisse’
1163 1311 1285 1392 suppri-

219 1418 302 1460 mere
317 1417 372 1479 ego
389 1399 550 1480 querellam
565 1398 663 1472 iubeo,
684 1400 805 1480 nequis
826 1398 948 1460 consilia
971 1397 1218 1477 deprehenderet,
1232 1417 1284 1460 rc·
1365 1426 1372 1436 ·

219 1484 348 1564 lictoque
368 1485 569 1566 Eumolpo-
585 1503 655 1546 nam
681 1485 713 1545 in
740 1485 844 1546 balneo
871 1499 991 1548 carmon
1016 1483 1159 1549 recitabat
1172 1522 1214 1530 —
1229 1503 1286 1564 per

219 1571 412 1632 tenebrosum
428 1577 458 1632 et
473 1571 625 1633 sordidum
641 1587 796 1652 egressum
816 1569 937 1632 extraho
953 1570 1059 1631 Gitona
1069 1570 1236 1650 raptimque
1252 1571 1285 1633 in

218 1656 380 1737 hospitium
396 1675 495 1718 meum
511 1657 641 1738 pervolo.
674 1656 835 1737 praeclusis
851 1654 1285 1736 deindeioribusinvadopec-
1305 1675 1336 1726 15
1426 1721 1429 1737 ‚

218 1749 269 1804 tus
284 1744 466 1822 amplexibus
481 1751 511 1805 et
526 1743 681 1824 perfusum
698 1759 731 1803 os
746 1741 875 1804 lacrimis
890 1741 985 1804 vultui
1000 1759 1066 1803 mco
1082 1759 1216 1802 consero.
1233 1742 1285 1805 diu

219 1847 321 1890 vocem
330 1829 571 1902 neuterinvenit3
584 1823 653 1891 nam
663 1846 739 1908 puer
746 1829 834 1892 etium
843 1827 1022 1908 singultibus
1032 1827 1144 1889 crebris
1158 1827 1284 1891 amabile

218 1922 322 1994 pectus
339 1924 540 1995 quassaverat.
573 1923 601 1975 ‘o
622 1914 747 1976 lacinus*
768 1915 892 1994 inquam
917 1913 1094 1992 indignum,
1120 1913 1200 1993 quod
1216 1931 1283 1976 amo

219 2007 250 2061 te
265 1999 399 2079 quamvis
414 2000 544 2074 relictus,
561 2007 590 2061 et
604 2000 635 2061 in
651 2001 708 2061 boo
722 2009 850 2079 pectore,
866 2017 936 2062 cunr
947 2001 1056 2060 vulnus
1067 1999 1173 2079 ingens
1184 1999 1284 2071 fuerit,

218 2085 337 2146 cicatrix
349 2103 410 2146 non
423 2093 477 2146 est.
512 2086 584 2166 qnid
595 2085 678 2159 dicis,
693 2086 843 2166 peregrini
856 2085 966 2150 amoris
978 2081 1155 2146 concessio?
1177 2085 1284 2166 dignus
1303 2097 1336 2148 20

218 2171 273 2233 hac
286 2169 394 2233 iniuria
410 2168 484 2232 roit’
506 2179 665 2252 postquam
687 2191 719 2233 se
740 2173 833 2233 amari
852 2171 956 2245 sensit,
981 2171 1175 2251 supercilium
1196 2171 1284 2234 altius

219 2256 339 2318 sustulit

241 2384 244 2389 ·
729 2369 749 2406 tt

303 2437 368 2493 ‘nec
383 2430 493 2492 amoris
509 2429 665 2493 arbitrium
685 2433 721 2493 ad
737 2431 828 2493 alium
849 2431 985 2494 iudicem
999 2430 1101 2494 detuli.
1135 2431 1187 2493 sed
1210 2431 1285 2494 nibil

176 2594 179 2598 .
216 2517 277 2580 iam
293 2535 412 2598 queror,
429 2517 503 2579 nihil
518 2509 577 2578 iem
598 2517 731 2592 memini,
753 2518 778 2579 si
794 2519 873 2587 bona
890 2518 947 2580 lide
969 2518 1182 2598 poenitentiam
1200 2536 1285 2579 com-

217 2603 360 2666 mendas'.
393 2605 465 2666 baec
481 2621 549 2664 cum
564 2603 646 2665 inter
660 2605 788 2684 gemitus
801 2604 999 2684 lacrimasque
1010 2604 1166 2676 fudissem,
1182 2605 1285 2665 deter—
1303 2616 1336 2668 25

217 2691 256 2751 sit
269 2690 317 2750 ille
332 2689 419 2769 pallio
434 2690 548 2751 vultum
565 2697 594 2752 et
607 2688 736 2769 ‘quaeso’
752 2689 850 2771 inquit
866 2689 1008 2770 ‘Encolpi
1020 2690 1110 2751 lldem
1123 2689 1286 2752 memoriae

216 2783 286 2837 tuae
302 2774 432 2854 appello:
460 2793 513 2854 ego
528 2783 559 2835 te
571 2774 690 2856 reliqui,
713 2793 751 2838 an
766 2784 799 2838 tu
814 2795 861 2838 me
877 2773 1056 2855 prodidisti?
1083 2775 1220 2856 equidem
1240 2775 1286 2838 ia·

217 2870 285 2924 teor
298 2867 329 2920 et
343 2877 416 2940 prae
430 2877 480 2921 mo
495 2859 578 2920 iero:
594 2879 662 2922 curn
679 2863 753 2924 duos
768 2869 899 2923 armatos
914 2861 1057 2932 viderem,
1077 2861 1114 2923 ad
1129 2861 1284 2924 iustiorem

218 2945 356 3024 confugi'.
393 2945 579 3007 exosculatus
594 2955 698 3026 pectus
713 2948 860 3028 sapientia
882 2946 1105 3027 plenum‘lnieci
1122 2946 1284 3009 cervicibus

218 3049 335 3105 manus,
353 3038 383 3092 ct
397 3039 431 3093 ut
446 3031 531 3094 facile
545 3033 732 3114 intellegeret
746 3033 858 3094 redisse
875 3051 923 3094 me
938 3033 969 3094 in
986 3033 1110 3113 gratiam
1127 3041 1157 3095 et
1173 3033 1285 3114 optima
1303 3046 1336 3097 ³0

220 3118 279 3179 lide
292 3117 702 3192 reviviscentemamioitiam,
717 3127 782 3182 toto
797 3128 919 3200 pectore
933 3119 1088 3181 adstrinxi.

164 3198 205 3259 92
306 3212 337 3265 et
351 3202 409 3266 iam
425 3202 513 3283 plena
528 3221 587 3265 nox
602 3210 666 3267 erat
682 3206 848 3285 moberque
863 3223 954 3268 cenae
966 3207 1104 3268 mandata
1120 3211 1284 3279 curaverat,

217 3308 285 3352 cum
300 3290 464 3368 Eumolpus
479 3289 590 3352 ostium
606 3292 712 3370 pulsat.
745 3291 896 3372 interrogo
912 3309 983 3371 ego:
1000 3297 1084 3372 ‘quot
1099 3287 1203 3353 estisi’
1218 3290 1284 3351 obi-

216 3383 323 3456 terque
337 3393 391 3455 per
405 3377 512 3437 rimam
527 3377 600 3438 foris
616 3377 760 3456 speculari
781 3377 1006 3457 diligentissime
1019 3377 1122 3457 coepi,
1144 3393 1222 3437 num
1243 3375 1283 3436 Α-

217 3463 325 3542 scyltos
340 3477 400 3523 una
421 3462 562 3523 venisset.
596 3463 704 3524 deinde
719 3470 753 3525 ut
768 3463 865 3525 solmn
881 3463 1027 3542 hospitem
1043 3463 1111 3536 vidi,
1133 3467 1286 3524 momento
1304 3479 1338 3530 35

287 3690 303 3740 2
316 3691 398 3742 rixam
415 3689 566 3741 lliobordur.
590 3689 678 3741 duda'to
688 3694 773 3740 autern
784 3703 820 3738 un
828 3687 907 3756 plura
919 3691 1013 3740 mussa
1024 3693 1077 3742 rint
1091 3689 1157 3742 tolio
1173 3689 1210 3740 ita
1222 3688 1288 3742 bene

217 3759 305 3811 vivam
317 3767 346 3810 nt
358 3759 408 3810 iam
421 3757 431 3826 ll
447 3759 477 3812 ru
489 3759 639 3810 sententiam
651 3773 699 3826 pro
710 3757 866 3824 poenitentia
878 3756 1063 3826 Soatgoaaos
1069 3762 1156 3828 primo
1167 3759 1179 3824 ΙΙ
1193 3759 1288 3811 16νιιΙ-

217 3837 314 3950 {pam
326 3835 431 3965 {qma
444 3828 455 3894 ΙΙ
468 3827 694 3879 incollocatum
707 3825 716 3893 ll
730 3825 762 3876 24
771 3825 888 3878 emendam
902 3825 912 3894 ll
925 3825 1287 3893 dlomieitianloma'saeuar·
