2864 4344
234 158 277 224 ιι
690 155 843 208 rnrnonn
1092 234 1099 238 .

237 318 308 379 dnm
324 313 403 376 enim
418 310 626 408 repositorium
643 311 796 376 duodecim
813 310 940 376 habebat
928 310 1067 389 teigne
1049 331 1090 372 ιιι
1110 311 1183 374 orbe
1199 311 1306 394 dispo·
1323 327 1374 380 HL

236 402 301 474 sita,
317 417 407 479 super
430 417 505 478 quae
525 397 679 478 proprium
701 397 990 495 convenientemque
1012 397 1152 460 materiae
1173 407 1308 464 structor
1414 401 1415 492 ι

236 488 418 568 imposuerat
405 483 548 546 tcibum:
565 500 654 562 super
666 484 790 544 anetem
803 501 880 544 cicer
895 483 1063 554 arietinum,
1081 501 1172 562 super
1182 491 1305 549 taurum
1414 493 1415 544 1

236 571 365 635 bubulae
381 570 523 639 frustum,
539 587 629 648 super
644 569 779 647 geminos
796 568 947 630 testiculos
960 588 995 629 ac
1005 569 1111 642 rienes,
1129 587 1219 648 super
1232 590 1306 634 cau-

237 677 323 722 crum
340 673 490 726 coronam,
506 673 597 733 super
611 654 729 716 leonem
746 654 834 716 licum
850 653 1030 725 Africanam,
1053 671 1142 734 super
1156 655 1306 733 virginem
1328 680 1345 728 5

237 741 438 840 steriliculam
456 759 548 820 super
563 738 743 801 libramt
683 747 743 800 stat
744 758 825 802 eram
840 739 872 800 in
894 739 979 801 cuins
995 740 1084 802 altera
1104 747 1190 820 parte
1209 743 1307 805 scrib-

236 827 399 900 litsaerat
391 845 422 888 ιιι
439 825 528 887 ιιιιιι
544 826 687 904 placenta
708 824 823 906 {super
841 825 1029 913 scorpionem
1044 825 1221 905 pisciculum
1239 847 1304 891 ma·
1325 839 1355 888 H
1414 861 1415 918 ι

237 914 347 985 ιιιιιιιιι,
367 874 480 1008 [snper
501 911 589 990 sagitt
590 912 684 973 arium
706 910 886 1008 ιιιοιιιιιιιι,
914 929 1005 992 super
1030 911 1238 1008 capricornum
1260 914 1307 975 lo·
1322 929 1371 980 HL
1414 933 1415 1016 ι

238 1007 352 1062 costam
369 996 525 1066 marinam,
545 1015 636 1076 super
656 995 811 1077 aquarium
834 1015 979 1068 anserem,
1001 1015 1091 1076 super
1112 996 1207 1094 pisces
1229 999 1308 1061 duos

238 1085 355 1148 mullos.
398 1083 431 1144 in
453 1082 551 1144 medio
579 1089 681 1144 autem
703 1101 822 1162 caespes
848 1101 915 1144 cum
937 1081 1037 1143 herbis
1064 1083 1178 1144 excisus
1205 1084 1306 1146 favum
1331 1100 1364 1150 tu
1414 1107 1415 1192 ι

237 1169 409 1234 sustinebat.
435 1167 545 1230 circum
547 1167 660 1230 erebat
671 1167 952 1272 Aegyptiuspuer
923 1167 1037 1230 clibano
1045 1175 1185 1246 argenteo
1193 1188 1306 1250 panem
1414 1167 1415 1320 ι

238 1350 326 1421 atque
348 1339 412 1419 ipse
433 1313 522 1399 etiam
543 1295 695 1400 teterrima
716 1357 786 1399 voce
804 1338 843 1399 de
866 1337 1076 1417 Laserpiciario
1097 1339 1189 1401 mimo
1211 1343 1308 1404 canti·

240 1445 308 1490 cum
325 1422 458 1486 extorsit.
490 1443 544 1484 nos
560 1430 594 1483 ut
615 1423 762 1485 tristiores
784 1423 820 1486 ad
840 1431 901 1484 tam
922 1424 992 1485 viles
1013 1425 1191 1486 accessimus
1213 1426 1308 1501 cibos,
1414 1497 1415 1504 ι

188 1509 228 1572 36
243 1508 372 1574 ‘suadeo
387 1509 485 1588 mqurt
500 1508 708 1570 Trimalchio
711 1528 869 1580 cenamus;
890 1509 1012 1570 bect
967 1516 1012 1570 est
1026 1509 1071 1570 ius
1092 1511 1202 1600 cenae’.
1233 1475 1311 1574 haed
1414 1531 1415 1590 ι

242 1605 275 1659 nt
291 1596 371 1667 dixit,
386 1595 422 1656 ad
438 1594 645 1674 symphoniam
660 1602 801 1692 quattuor
816 1595 1009 1674 tripudiantes
1023 1605 1239 1673 procurrerunt
1255 1617 1309 1660 su·
1331 1617 1364 1666 15
1414 1609 1415 1680 ι

241 1683 450 1828 pafrioremqne
466 1688 581 1778 partem
597 1680 845 1761 repositoriit
780 1679 845 1741 abst
847 1679 976 1742 ulerunt
953 1688 1065 1759 tquo
1080 1681 1157 1742 facto
1172 1682 1310 1745 videmus
1414 1675 1415 1744 l

241 1767 288 1829 inf
287 1788 319 1828 ra
337 1765 480 1864 [scilicet
472 1783 503 1826 ιιι
520 1768 611 1828 altero
628 1765 750 1843 ferculo]
769 1766 856 1828 altilia
873 1773 902 1827 et
925 1765 1043 1827 sumina
1064 1766 1285 1849 leporemque
1277 1787 1310 1830 m

146 1889 148 1893 ·
241 1853 339 1915 medio
349 1851 449 1932 pinnis
461 1851 668 1922 subornatum,
679 1859 714 1912 ut
726 1852 855 1930 Pegasus
869 1851 1028 1913 videretur.
1041 1851 1210 1914 notavimus
1218 1855 1308 1916 etiarn

242 1938 319 2000 circa
334 1937 457 2015 angulos
472 1936 642 2016 repositorii
657 1937 786 2016 Marsyas
802 1944 952 2016 quattuor,
974 1956 1009 1997 ex
1028 1955 1156 2016 quorum
1172 1938 1310 2001 utriculis
1414 1943 1415 2004 i

242 2041 346 2104 garum
362 2022 530 2102 piperatum
545 2021 684 2083 currebat
699 2040 790 2101 super
804 2022 909 2101 pisces
931 2021 982 2101 qni
998 2029 1139 2102 tanquam
1155 2023 1187 2084 in
1203 2025 1309 2104 euripo
1330 2037 1364 2086 ιιι

242 2108 391 2172 natabant.
428 2107 532 2168 damus
563 2125 668 2168 omnes
694 2108 830 2186 plausum
858 2107 1004 2168 alamilia
1026 2107 1179 2186 inceptum
1209 2117 1239 2170 et
1259 2130 1309 2171 res
1414 2175 1415 2184 y

243 2193 436 2258 electissimas
465 2190 596 2254 ridentes
622 2193 820 2272 aggredimur.
861 2209 922 2254 non
949 2192 1048 2254 minus
1075 2202 1104 2254 et
1129 2193 1309 2257 Trimalchio
1414 2187 1415 2266 ι

245 2278 393 2346 eiusmodi
408 2277 558 2339 methodio
574 2280 669 2340 laetus
686 2277 797 2358 ‘Carpe‘
814 2277 920 2358 inquit.
951 2278 1096 2358 prooessit
1116 2279 1216 2340 statim
1233 2280 1309 2343 scis-

244 2384 294 2428 sor
310 2373 339 2427 et
359 2364 395 2426 ad
417 2364 623 2444 symphoniam
644 2364 834 2444 gesticulatus
855 2364 896 2425 ita
919 2363 1059 2426 laceravit
1080 2365 1249 2438 obsonium,
1276 2377 1311 2428 ut
1414 2363 1415 2424 ι

243 2459 366 2533 putares
382 2449 566 2512 essedarium
581 2449 721 2529 hydraule
737 2456 874 2512 cantante
886 2468 1026 2529 pugnare.
1053 2449 1205 2529 ingerebat
1216 2451 1309 2513 nihilo
1330 2465 1364 2516 ιι
1414 2459 1415 2506 ι

244 2537 342 2600 minus
358 2535 535 2598 Trimalchio
551 2535 715 2610 lentissima
738 2554 825 2598 voce:
847 2535 959 2615 ‘Carpe
983 2534 1094 2614 Carpe'.
1130 2555 1184 2614 ego
1208 2538 1310 2618 suspi-
1414 2539 1415 2560 ¹

244 2631 326 2686 catus
341 2623 378 2684 ad
394 2623 521 2702 aliquam
537 2622 734 2683 urbanitatem
751 2621 860 2682 totiens
874 2621 1009 2682 iteratam
1031 2639 1132 2682 vocem
1147 2621 1310 2701 pertinere,

245 2726 306 2771 non
334 2707 440 2770 erubui
466 2725 534 2768 eum
556 2705 607 2786 qui
635 2725 724 2787 supra
746 2725 795 2767 me
817 2705 1025 2778 accumbebat,
1062 2706 1119 2767 boc
1140 2706 1239 2786 ipsum
1261 2709 1310 2770 in·
1414 2715 1415 2794 ι

244 2803 405 2872 t.errogare
436 2792 537 2863 atille,
553 2791 734 2871 quisaepius
751 2791 895 2852 eiusmodi
909 2791 996 2852 ludos
1008 2801 1200 2871 spectaverat,
1178 2793 1310 2855 t‘iide's

244 2877 336 2940 illum'
353 2877 450 2958 inquit
466 2877 526 2956 ‘qm
539 2876 696 2939 obsonium
708 2877 817 2955 carpit
835 2879 946 2956 barpus
959 2885 1089 2939 vocatur
1119 2877 1220 2958 itaque
1233 2899 1310 2958 (quo
1330 2892 1366 2943 30

244 2964 422 3044 tiesounque
439 2962 532 3025 dicit‘
535 2961 662 3041 ‘Carpe”,
680 2962 783 3023 eodem
799 2962 888 3024 verbo
906 2970 934 3024 et
949 2970 1032 3024 vocat
1048 2971 1077 3024 et
1092 2962 1238 3042 imperat'.

193 3039 232 3101 37
332 3066 394 3110 non
417 3047 499 3128 potui
521 3046 648 3126 amplius
670 3046 826 3144 quicquam
856 3056 923 3125 gust
926 3065 989 3120 ar,e
1016 3049 1068 3109 sed
1090 3055 1252 3111 conversus
1275 3049 1311 3110 ad

246 3153 326 3206 eum,
342 3142 374 3196 ut
390 3153 477 3214 quam
494 3133 621 3214 plurima
638 3133 813 3212 exciperem,
829 3133 916 3210 longe
932 3151 1081 3194 accersere
1097 3133 1209 3196 fabulas
1226 3133 1311 3214 coepi

245 3219 457 3299 sciscitarique,
474 3237 547 3299 quae
564 3225 642 3280 esset
657 3217 763 3279 mulier
778 3218 834 3290 illa,
851 3237 925 3298 quae
940 3219 999 3281 huc
1014 3225 1102 3299 atque
1114 3218 1183 3281 illuc
1195 3219 1311 3281 discur-
1414 3277 1415 3300 ι

245 3311 336 3369 ιιιιι.
382 3303 474 3365 ‘'uxor
490 3304 589 3400 inquit
605 3303 851 3375 ‘Trimalchionis
866 3304 1029 3366 Fortunata
1045 3305 1217 3402 appellatur,
1234 3323 1311 3384 quae
1331 3323 1367 3373 35
1414 3323 1415 3360 ι

246 3409 387 3454 nummos
403 3389 502 3451 modio
518 3389 649 3450 metitur.
695 3395 724 3449 et
744 3388 847 3461 modo,
870 3389 958 3449 modo
982 3389 1052 3468 quid
1074 3386 1150 3450 luit?
1180 3390 1313 3468 ignoscet

246 3476 319 3538 mibi
331 3475 438 3555 genius
448 3484 529 3548 tuus,
544 3475 690 3536 noluisses
702 3474 739 3534 de
751 3493 842 3536 manu
854 3473 932 3535 illius
945 3491 1050 3552 panem
1064 3475 1204 3554 accipere.
1221 3493 1312 3546 nunc,

248 3581 304 3624 nec
319 3560 389 3642 quid
401 3578 456 3622 neo
468 3579 568 3640 quare,
584 3559 616 3622 in
629 3561 741 3621 caelum
758 3559 829 3621 abiit
847 3566 877 3620 et
888 3558 1113 3621 Trimalchionis
1125 3567 1248 3639 topanta
1260 3571 1313 3622 est.

246 3717 459 3730 ..ῃ-ιυ-

318 3769 348 3820 13
361 3777 497 3837 extorquet
508 3769 530 3822 L
543 3766 552 3836 ιι
566 3770 597 3820 23
610 3777 728 3836 tanquam
740 3783 787 3818 orn.
800 3766 829 3830 L,
842 3767 982 3835 quicunque
995 3768 1082 3834 euripo
1096 3768 1117 3818 H
1129 3766 1137 3834 ιι
1151 3767 1181 3821 21
1196 3775 1314 3836 coeptum

249 3837 268 3889 L
281 3836 290 3905 ιι
304 3837 355 3888 tt
349 3846 385 3890 ιιι
396 3839 567 3918 gesticulatus
579 3837 600 3889 L
613 3836 621 3905 ιι
636 3839 668 3889 30
680 3837 763 3902 inquit
781 3805 854 3887 illdn
868 3835 889 3888 L
902 3834 911 3902 ιι
925 3836 957 3886 33
975 3851 1047 3902 quani
1064 3851 1113 3886 om.
1131 3835 1153 3888 L
1166 3833 1175 3903 ιι
1188 3836 1222 3887 36
1238 3837 1313 3889 modo

248 3922 295 3957 aon
308 3909 410 3958 iteravit
422 3907 443 3959 L
456 3905 465 3974 ιι
479 3906 546 3958 37
524 3922 578 3957 erus
584 3905 612 3957 L
