2838 4348
222 129 281 192 198
655 119 849 178 00000040

218 292 265 346 ret
278 301 395 364 panem,
410 283 474 346 eius
489 279 696 345 duodecimam
713 279 918 361 philosophiae
938 281 1080 356 dedisses,
1104 281 1171 362 ipse
1192 283 1294 345 honus

218 370 407 450 iampridem
424 387 502 431 esses
517 369 623 430 iactus.
645 383 725 428 nunc
744 366 828 428 idum
848 367 900 446 qui
918 376 1040 442 norunt,
1062 369 1168 430 volunt
1190 387 1294 430 emere

219 455 338 518 milibus
353 463 484 527 centum,
500 462 531 516 te
546 454 597 535 qui
613 453 696 514 norit
711 469 801 513 nemo
817 453 964 514 centussis
1027 473 1030 479 ·

595 590 683 644 ΠΕΡΙ
705 585 905 647 usurum

592 689 597 696 ’
718 692 791 768 lii)

62 877 64 882 Ι
148 803 198 856 405
420 793 579 875 quemnam
606 800 637 855 te
659 811 724 855 esse
748 791 853 866 dicam,
870 789 933 853 ieri
958 789 1010 870 qui
1032 791 1125 853 mand
1153 793 1292 875 corporis

485 879 613 940 fervidos
639 877 770 939 fontium
799 877 895 958 aperis
917 875 998 940 lactis
1023 879 1179 958 sauguinis
1200 889 1294 962 teque

485 965 542 1027 vita
558 964 637 1026 levis
658 964 756 1025 terreo
772 959 864 1026 inse?

705 1049 733 1110 11
766 1049 785 1109 2

146 1134 197 1218 ios
319 1149 508 1212 Andromeda
524 1149 621 1212 vincta
637 1156 666 1210 01
680 1050 831 1230 propitsita
846 1155 911 1209 ceto
927 1165 989 1209 non
1004 1145 1107 1210 debuit
1126 1147 1204 1228 patri
1224 1167 1293 1224 suo,

218 1236 331 1298 homini
346 1233 558 1316 stupidissimo,
574 1234 605 1297 in
621 1253 655 1296 os
671 1252 779 1314 spuere
794 1229 908 1295 vitam?

700 1337 739 1399 111
776 1337 789 1397 1

147 1444 196 1496 401
320 1437 436 1517 quaerit
450 1435 563 1498 ibidem
578 1435 617 1499 ab
630 1337 806 1506 Hannibaiei
828 1455 881 1498 cur
895 1434 1002 1499 biberit
1026 1435 1292 1512 medicamentum,

219 1522 465 1604 ί0010110000010
481 1523 580 1604 inquit
596 1531 653 1584 ‘rue
669 1521 826 1596 Prusiades
841 1520 960 1584 tradere
975 1520 1099 1583 volebat'

690 1643 744 1704 uu
765 1642 813 1721 (a)

146 1752 197 1804 408
320 1762 383 1807 non
398 1745 609 1826 vituperamus,
626 1761 695 1805 cum
711 1743 841 1806 sciamus
857 1742 982 1822 digitum
996 1742 1126 1823 praecidi
1138 1750 1291 1824 oportere,

218 1830 244 1894 si
260 1828 297 1891 ob
313 1849 379 1895 cam
395 1850 459 1893 rem
475 1847 639 1910 gangraena
655 1829 771 1892 nonsit
787 1830 824 1891 ad
839 1828 1009 1892 bracchium
1025 1836 1150 1891 ventura

146 2068 196 2120 400
319 2071 409 2135 quam
423 2050 611 2132 sympathian
627 1951 898 2112 lumbiiri)ocuios
917 2050 1071 2123 habereut,
1093 2050 1166 2132 quid
1188 2050 1290 2132 ingui-

218 2157 293 2202 num
308 2137 479 2209 interesset,
495 2145 597 2200 utrum
613 2154 742 2216 puerum
764 2155 863 2198 essem
883 2136 1097 2218 devirginatum
1116 2137 1234 2200 vissuus
1248 2155 1289 2199 an

218 2239 457 2307 mouuceporcorc
471 2240 565 2302 purus
582 2221 655 2284 dum
671 2222 768 2301 cogito

700 2326 737 2389 VI
772 2327 791 2387 5

148 2433 198 2486 410
321 2424 391 2506 quid
406 2443 483 2506 puer
497 2434 631 2505 rogasset
645 2432 675 2486 et
690 2328 840 2505 petaiaius
855 2423 950 2504 capite
965 2423 1128 2498 adnuisset,
1144 2443 1178 2486 ac
1193 2423 1288 2486 disce·

221 2511 295 2574 dens
310 2530 436 2575 numero
451 2512 553 2574 venire
569 2512 609 2574 ait
624 2510 845 2574 adulescentem

537 2695 547 2708 ‚
591 2616 677 2694 risrr
699 2639 915 2694 00000000

714 2728 727 2789 1
743 2729 788 2807 13)

150 2828 198 2879 111
323 2843 389 2888 eum
406 2826 528 2889 dixisset
543 2827 668 2901 Vitulus,
684 2847 752 2891 ecce
767 2827 822 2890 tihi
838 2826 926 2888 caldis
949 2824 1076 2906 pedibus
1098 2825 1221 2907 quidam
1236 2843 1290 2889 na·

221 2910 378 2975 vicularius
394 2913 595 2976 semustilatus
611 2915 751 2996 irrumpit
766 2933 798 2976 se
813 2913 845 2975 in
861 2913 973 2976 curiam

709 3037 736 3098 11
771 3036 790 3096 2

150 3141 201 3193 412
260 3226 270 3281 ι
323 3134 452 3214 cognitio
468 3135 550 3196 enim
565 3135 667 3211 trium,
689 3037 808 3215 fulgitri
828 3131 955 3198 tonitrui
969 3129 1106 3213 fulguris,
1134 3131 1289 3194 airdmiue

223 3239 288 3284 ora

707 3306 746 3367 111
777 3308 791 3366 1

151 3419 201 3471 413
324 3414 443 3467 testatur
462 3309 811 3480 110000]00010000001ος10)0
831 3405 968 3466 decimare
981 3402 1103 3465 Herculi
1119 3421 1221 3465 0000νο
1239 3423 1290 3466 occ

223 3489 316 3553 decem
333 3490 390 3552 dies
405 3493 599 3564 intermittere,
615 3494 682 3569 quio
694 3491 871 3574 pollucereret
891 3509 923 3552 00
943 3489 1081 3571 populum
1103 3480 1289 3570 ἀσύμβολον

224 3595 289 3638 com
304 3576 411 3638 circeo
425 3575 527 3638 laureo
543 3575 713 3640 dimitterent
729 3578 852 3640 ruditum

274 3768 325 3820 409
339 3768 475 3833 imaginum
498 3767 636 3820 interesset
653 3783 717 3836 puer
733 3767 818 3818 utrum
834 3781 891 3818 esso
903 3764 1093 3830 devirginatum
1103 3779 1196 3816 usurus
1211 3765 1291 3828 (visu-

224 3851 268 3887 ras
281 3837 392 3888 000007
393 3839 511 3888 recianus
523 3836 585 3900 116)
596 3839 601 3902 Ι
624 3853 701 3888 ueros
714 3837 771 3887 dum
784 3836 869 3899 cogito
887 3833 1014 3886 Oedlerue.
1026 3849 1117 3902 purum
1129 3835 1240 3902 aprime
1251 3849 1291 3886 eo-

224 3905 276 3956 dee
294 3903 508 3972 mopsustenses
521 3902 529 3972 Η
542 3904 592 3957 412
606 3854 686 3970 intret
698 3913 725 3956 et
737 3905 860 3956 tonitrum
873 3902 985 3968 fulguris
