2864 4344
587 121 729 180 snrrnan
844 137 846 140 ·
1150 115 1189 185 19

84 289 109 340 11
122 287 232 346 herent.
272 284 373 346 ‘Iliada
391 289 421 342 et
443 281 597 362 Odyssiau'
619 282 716 363 inquit
736 277 740 363 1
761 285 804 342 ‘ac
826 278 964 343 Laenatis
984 275 1190 358 gladiatorium

123 371 251 433 munus'.
282 387 345 432 nou
361 367 469 430 licebat
483 367 654 430 multaciam
669 367 867 429 considerare.
1203 363 1242 426 ab

26 587 27 600 ,
68 536 109 590 lid
203 544 261 586 nos
281 522 285 610 1
305 527 364 586 iarn
376 527 412 586 ad
424 523 587 589 triclinium
599 543 839 604 perveneramus,
856 523 887 586 in
900 525 984 586 euius
996 531 1080 605 parte
1092 523 1189 605 prima

26 617 27 666 ἶ
122 619 296 694 procurator
303 610 434 674 rationes
445 610 615 689 accipiebat.
632 618 662 672 et
678 609 922 692 quodpraecipue
932 610 1054 672 miratus
1067 629 1145 688 sum,
1157 611 1190 672 in

26 767 28 780 1
91 711 106 758 5
123 695 261 779 postibus
276 695 399 759 triclinii
413 700 508 758 fasces
522 705 607 760 erant
623 715 692 758 cum
708 697 860 758 securibus
876 695 935 768 fixi,
957 713 1084 774 quorum
1100 715 1190 758 unam

26 797 27 826 ³
123 790 237 864 partem
254 783 340 862 quasi
355 781 505 843 embolum
522 783 604 845 naris
617 799 746 844 aeneum
756 782 886 858 liniebat,
904 782 934 842 in
948 800 1007 863 quo
1020 783 1085 843 'erat
1095 781 1192 860 scrip-

26 837 28 940 1
123 879 204 932 tum:
221 867 263 930 ⁶0.
281 868 423 948 Pompeio
432 867 655 941 Trimalchioni,
670 868 765 930 seviro
774 867 935 948 Augustali,
952 866 1114 928 Cinnamus
1131 867 1193 928 dis-

26 947 27 952 ’
122 951 284 1037 pensator’.
301 953 356 1014 suh
373 953 479 1014 eodem
495 953 580 1016 titulo
596 962 625 1015 et
639 955 758 1016 lucerna
774 952 917 1033 bilychnis
932 954 970 1015 de
985 971 1101 1014 camera
1116 969 1192 1034 pen-

124 1040 222 1113 debat,
243 1044 274 1100 et
289 1040 364 1102 duae
380 1039 496 1100 tabulae
512 1039 544 1100 in
559 1047 688 1120 utroque
702 1047 787 1119 poste
803 1039 922 1111 defixae,
945 1057 1070 1119 quarum
1091 1038 1192 1110 altera,

78 1143 107 1192 to
124 1124 244 1187 sibene
261 1124 395 1196 memini,
409 1125 467 1187 hoc
481 1123 610 1188 habebat
621 1125 813 1205 inscriptum:
831 1125 889 1186 ‘lll.
907 1131 937 1186 et
947 1124 1042 1205 pridie
1054 1124 1193 1187 kalendas

124 1208 278 1273 lanuarias
296 1209 327 1272 C.
344 1220 447 1272 noster
462 1212 542 1272 foras
558 1211 662 1288 cenat’,
679 1211 772 1272 altera
787 1212 876 1274 lunae
892 1228 1014 1274 cursum
1029 1210 1193 1272 stellarumi

125 1316 184 1378 que
199 1302 317 1376 septem
332 1295 474 1376 imagines
489 1297 597 1376 pictas;
613 1296 710 1376 etqui
724 1296 787 1359 dies
802 1296 873 1359 boni
886 1297 996 1377 quique
1007 1298 1195 1359 incommod-

128 1389 240 1453 essent,
258 1380 459 1459 distinguente
474 1381 552 1443 bulla
568 1383 759 1444 notabantur.

89 1469 113 1518 H
210 1464 215 1548 1
236 1465 283 1528 his
299 1467 406 1546 repleti
421 1466 623 1548 uoluptatibus
639 1486 707 1530 cum
723 1485 903 1530 conaremur
921 1467 954 1528 in
968 1467 1130 1530 triclinium
1147 1465 1196 1529 in-

81 1561 218 1624 latrare,
243 1552 417 1614 exclamavit
438 1571 517 1616 unus
539 1553 700 1633 expueris,
722 1553 773 1634 qui
794 1571 884 1632 super
904 1553 962 1614 hoc
982 1554 1112 1616 officium
1132 1561 1196 1616 erat

123 1639 257 1720 positus:
281 1637 393 1698 ‘dextro
407 1637 502 1718 pede'.
532 1639 597 1700 sine
617 1638 708 1700 dubio
729 1639 879 1718 paulisper
899 1639 1126 1718 trepidavimus,
1157 1657 1197 1699 ne

74 1730 232 1788 utcontra
252 1732 444 1804 praeceptum
459 1723 565 1805 aliquis
594 1732 731 1787 nostrum
751 1725 843 1786 limen
868 1725 1017 1785 transiret.
1039 1721 1042 1804 1
1063 1731 1196 1785 ceterum

125 1819 161 1872 ut
181 1809 295 1890 pariter
315 1809 462 1870 movimus
483 1810 603 1871 dextros
624 1828 761 1889 gressus,
783 1829 887 1871 servus
911 1809 997 1870 nobis
1017 1809 1197 1889 despoliatus

127 1893 291 1976 procubuit
307 1894 343 1956 ad
358 1896 449 1973 pedes
464 1913 497 1956 ae
512 1911 618 1974 rogare
634 1895 739 1974 coepit,
762 1903 796 1956 ut
816 1914 848 1956 se
868 1913 981 1976 poenae
997 1895 1196 1974 eriperemus:

80 1997 109 2048 aa
127 1999 184 2043 nec
199 1997 345 2058 magnum
361 1999 427 2042 esse
442 1989 596 2060 peccatum
607 1999 707 2053 suum,
731 1987 852 2062 propter
872 1981 953 2060 quod
969 1981 1199 2060 periclitaretur,

127 2065 372 2129 subductaenim
388 2065 445 2127 sibi
459 2065 638 2128 vestimenta
654 2066 864 2146 dispensatoris
879 2065 912 2128 in
927 2066 1042 2139 balneo,
1059 2084 1136 2145 quae
1151 2065 1199 2125 rix

26 2197 28 2208 .
127 2152 260 2224 luissent
274 2150 377 2212 decem
388 2152 604 2213 sestertiorum.
633 2151 803 2214 rettulimus
819 2171 889 2230 ergo
901 2153 1020 2214 dextros
1032 2153 1124 2232 pedes
1136 2151 1199 2211 dis-

128 2244 383 2318 pensatoremque
397 2237 429 2299 in
446 2237 520 2299 atrio
536 2255 642 2302 aureos
655 2244 863 2299 numerantem
876 2237 1026 2316 deprecati
1037 2253 1151 2308 sumus,
1169 2243 1200 2298 ut
1286 2271 1287 2274 =

127 2341 214 2385 servo
229 2322 396 2384 remitteret
410 2342 549 2403 poenam.
581 2324 728 2402 superbus
742 2323 790 2384 ille
806 2323 926 2385 sustulit
941 2323 1055 2384 uultum
1072 2331 1101 2382 et
1128 2330 1200 2384 ‘nou

81 2420 110 2470 25
128 2417 190 2472 um
201 2408 314 2470 iactura
331 2427 379 2468 me
395 2409 503 2470 nrovet’
519 2409 615 2488 inquit
632 2415 730 2488 ‘qnam
747 2409 928 2488 negligentia
943 2407 1120 2488 nequissimi
1134 2425 1199 2468 ser-

129 2495 167 2557 vi.
205 2492 385 2556 vestimenta
407 2512 472 2555 mea
497 2493 640 2555 cubitoria
659 2494 802 2572 perdidit,
832 2513 907 2574 quae
927 2494 1001 2554 mibi
1021 2493 1111 2554 natali
1132 2511 1199 2553 meo

130 2581 221 2641 cliens
235 2579 359 2659 quidam
376 2580 546 2657 donaverat,
562 2578 646 2658 Tyria
663 2578 728 2640 sine
743 2579 841 2649 dubio,
863 2579 915 2640 sed
938 2578 998 2639 iam
1014 2578 1108 2640 semel
1128 2577 1198 2638 lota.

131 2665 203 2746 quaid
220 2683 290 2743 ergo
307 2661 375 2726 esti
405 2664 581 2726 douovohis
598 2663 683 2726 eum'.
1213 2666 1250 2729 31

218 2749 336 2828 obligati
351 2758 411 2821 tam
427 2751 531 2828 grandi
552 2749 695 2825 beneficio
718 2767 786 2810 cum
807 2749 1004 2811 intrassemus
1025 2747 1200 2818 triclinium,

83 2842 112 2895 30
130 2835 263 2898 occurrit
278 2835 367 2896 nobis
381 2836 430 2896 ille
442 2836 521 2898 idem
534 2851 646 2910 servus,
663 2853 717 2914 pro
730 2854 788 2914 quo
800 2853 1016 2912 rogaveramus,
1034 2842 1064 2895 et
1075 2841 1201 2914 stupen-
1257 2853 1262 2858 ·

131 2921 214 2984 tibus
231 2920 413 3000 spississima
427 2922 508 2984 basia
522 2921 644 3000 impegit
657 2921 765 3000 gratias
777 2940 866 3000 agens
879 2920 1057 2984 humanitati
1069 2927 1200 2981 nostrae.

131 3008 168 3068 ad
184 3025 334 3069 summam
351 3006 461 3068 ‘statim
477 3005 584 3068 scietis'
600 3006 640 3068 ait
656 3006 713 3067 ‘cui
728 3005 867 3068 dederitis
883 3005 1071 3068 beneficium.
1096 3006 1202 3066 vinum

131 3093 319 3154 dominicum
335 3091 545 3155 ministratoris
560 3091 652 3172 gratia
667 3090 721 3152 est'
781 3117 782 3122 ¹
1004 3099 1007 3106 '

655 3195 673 3232 tt

219 3261 339 3324 tandem
356 3281 426 3341 ergo
439 3261 642 3324 discubuimus
653 3260 754 3342 pueris
763 3259 967 3324 Alexandrinis
976 3281 1084 3343 aquam
1093 3259 1125 3322 in
1138 3279 1202 3321 ma-

83 3357 114 3408 35
133 3347 566 3410 nusuivataminfnndentibus
582 3347 982 3428 aliisqaeinsequentihusad
993 3347 1202 3427 pedesacpar-

132 3433 258 3512 onpchia
274 3451 343 3494 cum
365 3433 480 3512 ingenti
502 3432 665 3495 subtilitate
686 3432 867 3494 tollentibus.
898 3433 1042 3495 aeneia
1063 3433 1121 3493 hoc
1135 3431 1203 3510 qui-

131 3518 201 3580 dem
217 3526 281 3580 tam
297 3519 422 3580 molesto
438 3519 576 3580 tacebant
588 3518 695 3593 officio,
712 3517 763 3579 sed
778 3518 874 3580 obiter
886 3520 1051 3581 cantabant.
1082 3535 1135 3594 ego
1148 3535 1203 3576 ex-

204 3684 220 3734 2
233 3682 373 3735 multiciam
389 3679 496 3736 medios
506 3699 553 3749 quo
565 3685 665 3734 omnine
671 3685 774 3750 pictura
786 3686 856 3734 varie
867 3686 952 3735 mictu
963 3685 1096 3736 amaretur
1108 3680 1117 3749 1
1130 3681 1145 3732 3
1159 3695 1203 3732 vc·

133 3767 254 3804 natamus
267 3751 288 3803 L
301 3751 310 3820 11
325 3755 338 3803 l
351 3753 395 3804 Cu.
409 3750 418 3820 11
432 3753 447 3803 8
467 3753 545 3803 etiam
556 3751 577 3803 L
590 3749 599 3819 11
614 3753 644 3804 18
661 3751 760 3817 pariter
771 3768 818 3806 om.
833 3751 853 3803 L
863 3749 880 3821 11
901 3753 930 3806 19
948 3759 1007 3804 aute
1025 3753 1102 3818 pedes
1113 3748 1135 3801 L
1148 3748 1157 3816 11
1171 3748 1203 3798 23

135 3821 162 3872 iu
175 3822 296 3886 precario
310 3819 319 3887 11
333 3821 364 3871 at
378 3823 520 3872 donaverat
531 3820 614 3872 cliens
626 3819 727 3886 q‘uidam
739 3819 760 3871 L
772 3822 783 3886 11
796 3821 828 3872 28
841 3837 897 3874 eum
909 3835 957 3875 cm.
970 3819 991 3872 L
1003 3818 1014 3888 11
1026 3820 1060 3870 30
1078 3819 1205 3885 stupenti·

138 3889 185 3940 bus
196 3894 258 3958 post
270 3888 342 3940 basia
355 3887 375 3942 L
387 3889 490 3942 collocat
503 3886 511 3956 11
525 3890 556 3940 35
580 3889 628 3956 ped
639 3925 645 3940 .
656 3924 662 3939 .
674 3925 679 3940 .
693 3890 724 3939 ad
737 3889 762 3944 H

992 3976 1027 4032 2,
