2864 4344
603 147 744 202 SA'l'lRAE
1166 155 1206 214 17

81 309 224 365 Lucensa
257 310 286 364 et
315 303 380 385 ipsa
409 302 536 365 surrexit
565 313 796 385 correptumque
830 304 938 368 Gitona
967 305 1000 366 in
1037 305 1206 369 cubiculum

37 407 39 426 ²
133 389 236 451 traxit.

223 473 290 536 sine
309 473 400 536 dubio
419 490 483 536 non
503 483 719 554 repugnaverat
733 493 825 555 puer,
854 495 888 538 ac
908 495 946 538 ne
967 476 1065 556 puella
1084 475 1206 557 quidem

38 597 39 600 =
135 560 235 622 tristis
250 566 408 640 expaverat
420 559 592 639 nuptiarum
605 577 725 622 nomen.
755 561 856 641 itaque
868 581 936 625 cum
948 561 1054 624 inclusi
1065 562 1205 636 iacerent,

38 703 39 715 ,
101 658 115 708 5
135 645 329 708 consedimus
345 652 414 707 ante
428 645 520 707 limen
531 645 661 719 thalami,
677 653 707 708 et
718 647 750 708 in
761 645 866 727 primis
878 647 1021 720 Quartilla
1032 667 1086 728 per
1097 647 1206 710 rimam

38 778 39 784 ι
133 729 274 812 improbe
291 731 443 793 diductam
458 729 638 812 applicuerat
653 733 771 794 oculum
789 733 940 795 curiosum
955 734 1115 814 lusumque
1129 752 1205 813 pue-

39 838 40 884 t
106 817 223 894 ¹rilem
249 815 408 878 libidinosa
433 817 640 897 speculabatur
660 817 819 896 diligentia.
856 837 904 880 me
926 837 1045 899 quoque
1066 819 1103 880 ad
1124 819 1204 881 idem

134 903 340 984 spectaculum
355 904 434 965 lenta
451 921 542 965 manu
555 903 654 975 traxit,
669 911 699 965 et
714 905 783 985 quia
794 903 1049 966 considerantium
1064 904 1205 968 cohaese-

36 1045 37 1058 ,
128 996 205 1053 ‘rant
220 988 330 1064 vultus,
357 987 499 1069 quicquid
513 1007 530 1049 a
545 987 710 1068 spectaculo
726 991 856 1063 vacabat,
883 991 1088 1053 commovebat
1110 989 1206 1054 obiter

36 1079 37 1132 l
86 1091 116 1140 tu
134 1075 217 1138 labra
230 1082 261 1136 et
275 1093 325 1136 mc
340 1080 484 1154 tanquam
499 1074 618 1136 furtivis
633 1074 762 1139 subinde
774 1075 881 1139 osculis
897 1076 1070 1140 verberabat
1139 1120 1141 1129 ·

658 1180 677 1216 ll·

95 1259 115 1311 t
219 1241 223 1328 Ι
244 1244 349 1308 abiecti
362 1245 394 1306 in
409 1244 493 1308 lectis
507 1245 573 1309 sine
589 1253 673 1309 metu
687 1245 833 1327 reliquam
850 1247 1001 1328 exegimus
1015 1255 1136 1312 noctem

656 1351 676 1388 ts

95 1423 118 1473 H
217 1413 365 1496 {venerat
380 1416 440 1478 iam
455 1416 562 1479 tertius
578 1417 650 1492 dies,
672 1417 704 1480 id
726 1423 772 1480 est
792 1419 956 1499 expectatio
976 1419 1085 1482 liberae
1107 1437 1205 1493 cenae,

133 1503 188 1565 sed
202 1508 249 1564 tot
262 1502 436 1565 vulneribus
457 1503 604 1564 confossis
627 1504 695 1584 luga
717 1505 811 1582 magis
831 1505 974 1584 placebat,
998 1525 1089 1586 quam
1109 1505 1204 1585 quies.

133 1591 236 1670 itaque
251 1606 320 1650 cum
335 1588 440 1650 maesti
463 1587 704 1663 deliberaremus,
731 1608 862 1670 quonam
885 1608 996 1670 genere
1015 1598 1205 1671 praesentem

85 1683 113 1734 15
132 1675 314 1736 evitaremus
334 1674 510 1754 procellam,
532 1693 612 1736 unus
629 1693 732 1736 servus
753 1677 985 1755 Agamemnonis
1009 1677 1205 1755 interpellarit

132 1759 320 1840 trepidantes
332 1767 362 1820 et
376 1756 488 1841 ‘quidl
504 1760 570 1821 vcs'
582 1761 679 1841 inquit
692 1761 834 1834 ‘nescitis
846 1761 934 1823 hodie
942 1761 1020 1842 apud
1028 1779 1119 1842 quem
1130 1759 1204 1824 fiet?

132 1844 323 1918 Trimalchio,
339 1845 522 1908 lautissimus
538 1846 639 1917 homo,
660 1846 847 1924 horologium
868 1846 901 1908 in
915 1847 1044 1909 triclinio
1066 1855 1096 1908 et
1119 1847 1205 1910 buci·

31 1997 32 2000 ,
132 1939 271 1994 natorem
286 1931 376 1993 habet
390 1931 598 2005 subornatum,
621 1939 655 1992 ut
670 1931 798 1994 subinde
813 1932 896 2008 sciat,
920 1940 1065 2013 quantum
1089 1932 1125 1995 de
1147 1933 1206 1994 vita

29 2063 30 2068 η
132 2015 316 2099 perdiderit’.
338 2016 494 2078 amicimur
511 2033 581 2096 ergo
605 2016 762 2096 diligenter
784 2017 867 2080 obliti
889 2019 1029 2081 omnium
1048 2017 1205 2090 malorum,

81 2112 114 2162 20
134 2112 164 2166 et
179 2103 289 2164 Gitona
303 2101 499 2165 libentissime
515 2102 622 2164 servile
635 2103 766 2165 cilicium
777 2110 911 2166 tuentem
932 2122 1029 2183 usque
1043 2104 1102 2166 boc
1116 2104 1205 2166 iube-

132 2207 202 2251 mus
220 2188 252 2250 iu
267 2189 372 2249 balnea
388 2187 482 2267 sequi.
513 2207 570 2249 nos
585 2187 708 2250 interim
723 2189 822 2250 vestiti
838 2207 937 2252 errare
949 2189 1138 2270 coepimus
1216 2192 1257 2253 27

27 2339 28 2342 ,
131 2275 229 2336 immo
245 2273 336 2335 iocari
351 2274 443 2353 magis
459 2279 489 2334 et
504 2273 623 2336 circulis
643 2274 818 2371 tludentem]
842 2276 989 2348 accedere,
1011 2293 1080 2338 cum
1103 2274 1225 2336 subito
1363 2269 1369 2286 ‘

21 2435 24 2444 Ι
76 2369 119 2422 dt
137 2358 142 2444 l
161 2360 297 2421 videmus
314 2377 417 2421 senem
439 2360 599 2434 calvum‚t
586 2360 684 2422 tunica
699 2361 839 2444 vestitum
855 2379 968 2434 russea,
995 2359 1075 2422 inter
1094 2376 1203 2440 pueros

20 2457 21 2524 ζ
131 2444 286 2526 capillatos
306 2445 460 2507 ludentem
479 2445 546 2525 pila.
587 2463 642 2508 uec
663 2454 724 2508 tam
745 2446 830 2525 pueri
849 2463 916 2521 nos,
938 2463 1119 2526 quamquam
1141 2454 1226 2526 erat,

79 2541 112 2592 25
132 2531 394 2610 operaepretium,
410 2532 447 2593 ad
462 2533 662 2610 spectaculum
679 2531 834 2604 duxerant,
857 2549 947 2611 quam
970 2531 1035 2611 ipse
1059 2538 1143 2610 pater
1157 2530 1202 2592 la·
1214 2529 1222 2538 '

133 2616 243 2688 mibae,
259 2616 310 2696 qui
327 2617 456 2678 soleatus
471 2615 529 2696 pila
544 2617 664 2696 prasina
680 2614 884 2679 exercebatur.
921 2633 977 2678 nec
993 2615 1118 2696 amplius
1132 2633 1201 2677 earn

20 2737 21 2740 =
131 2700 287 2782 repetebat
303 2720 380 2782 quae
400 2710 510 2763 terram
532 2702 706 2780 contigerat,
734 2703 787 2764 sed
806 2703 908 2764 follem
930 2702 1054 2782 plenum
1073 2700 1201 2763 habebat

26 2851 30 2866 ,
130 2804 236 2850 servus
256 2787 484 2868 sufficiebatque,
499 2786 680 2849 ludentibus.
728 2789 898 2850 notavimus
921 2788 1009 2850 etiam
1030 2806 1078 2849 res
1098 2805 1200 2849 novas.

28 2899 29 2906 ι
131 2891 205 2936 nam
220 2873 281 2934 duo
295 2873 443 2952 spadones
459 2873 490 2934 in
506 2872 619 2935 diversa
630 2881 714 2954 parte
726 2873 826 2935 circub
838 2876 965 2948 stabant,
981 2891 1110 2954 quorum
1126 2873 1202 2935 alter

81 2965 112 3016 30
132 2958 285 3020 matellam
300 2959 422 3020 tenebat
438 2965 618 3039 argenteam,
635 2959 707 3020 alter
718 2959 989 3039 numerabat-pilas,
1005 2977 1067 3020 non
1078 2959 1200 3040 quidem

20 3109 21 3114 ,
132 3063 182 3108 eas
192 3063 275 3124 quae
290 3043 369 3106 inter
383 3063 489 3106 manus
504 3044 574 3106 lusu
588 3045 753 3125 expellente
767 3045 931 3116 vibrabant,
947 3045 1000 3106 sed
1017 3062 1066 3107 eas
1082 3062 1157 3124 quae
1169 3044 1201 3105 in

20 3127 22 3194 l
92 3137 117 3187 H
131 3138 245 3192 terram
261 3129 446 3192 decidebant.
475 3149 542 3193 cum
563 3130 616 3191 has
633 3149 702 3210 ergo
725 3130 902 3193 miraremur
915 3129 1054 3203 lautitias,
1075 3126 1079 3214 Ι
1100 3145 1202 3192 accur-

131 3216 171 3278 rit
184 3215 336 3278 Menelaus
352 3224 382 3277 et
396 3215 455 3276 ‘hic
469 3215 523 3277 est'
539 3215 637 3296 inquit
659 3217 747 3296 ‘apud
763 3235 854 3297 quern
877 3216 1010 3278 cubitum
1024 3215 1151 3295 ponetis,
1174 3222 1204 3276 et

132 3301 254 3382 quidem
270 3301 330 3363 iarn
345 3301 525 3383 principium
548 3320 637 3363 cenae
657 3301 781 3362 videtis’.
812 3309 843 3361 et
863 3301 922 3362 iam
945 3318 1008 3363 non
1027 3300 1204 3379 loquebatur

43 3399 80 3452 dt
90 3400 123 3452 35
133 3387 287 3449 Menelaus
303 3406 371 3447 cum
391 3383 395 3468 Ι
416 3386 592 3448 Trimalchio
608 3387 715 3466 digitos
731 3387 912 3466 concrepuit,
936 3386 973 3447 ad
989 3386 1069 3467 quod
1083 3386 1202 3464 signum

130 3473 281 3536 matellam
302 3473 394 3553 spado
416 3472 531 3534 ludenti
550 3472 686 3534 subiecit.
727 3480 886 3535 exonerata
907 3471 956 3533 ille
977 3472 1073 3534 vesica
1096 3489 1202 3551 aquam

130 3559 271 3644 poposcit
285 3558 322 3622 ad
337 3574 454 3633 manus,
471 3558 639 3640 digitosque
653 3559 808 3638 paululum
819 3558 975 3640 adspersos
987 3557 1019 3618 in
1034 3555 1130 3638 capite
1144 3575 1201 3639 pu-

132 3644 178 3706 eri
193 3644 287 3707 tersit.

201 3779 217 3830 ⁸
228 3779 368 3833 haeserant
379 3777 391 3850 ll
406 3779 436 3833 tt
449 3782 607 3834 scribendum
619 3789 645 3834 ct
657 3781 802 3848 expectatio
820 3783 874 3832 nisi
889 3781 950 3832 baec
965 3781 1117 3848 epitomator
1127 3777 1202 3832 adds-

132 3849 170 3902 dit
181 3847 194 3915 ΙΙ
205 3849 239 3901 20
250 3853 344 3918 conches
340 3848 471 3917 usquelad
483 3851 506 3902 lu
520 3850 554 3903 Vl
567 3849 576 3919 ll
590 3853 619 3904 tt
635 3849 725 3901 balneo
738 3847 748 3916 ll
761 3849 794 3900 26
807 3850 866 3916 quia
878 3847 903 3898 H
914 3847 924 3917 ΙΙ
937 3849 1099 3912 energema
1112 3846 1134 3900 L
1146 3844 1155 3915 ss
1169 3847 1202 3897 34

22 3956 24 3971 .
132 3918 213 3985 quid
205 3934 255 3970 ram
270 3917 275 3986 Ι
290 3919 426 3971 etiamnum
439 3917 589 3987 Sebefferus
602 3917 611 3987 ΙΙ
625 3919 657 3972 36
670 3918 803 3985 supposuit
814 3916 836 3969 L

186 4001 284 4046 Petronii
296 4004 375 4047 satim
389 4001 425 4046 cd.
438 4003 462 4044 11
988 4003 1006 4056 2
