<?xml version="1.0" encoding="UTF-8"?>
<!DOCTYPE html PUBLIC "-//W3C//DTD XHTML 1.0 Transitional//EN"
    "http://www.w3.org/TR/xhtml1/DTD/xhtml1-transitional.dtd">
<html xmlns="http://www.w3.org/1999/xhtml" xml:lang="en" lang="en">
 <head>
  <title>
</title>
<meta http-equiv="Content-Type" content="text/html;charset=utf-8" />
  <meta name='ocr-system' content='tesseract 3.04.00' />
  <meta name='ocr-capabilities' content='ocr_page ocr_carea ocr_par ocr_line ocrx_word'/>
</head>
<body>
  <div class='ocr_page' id='page_1' title='image "./satiraeetliberp00buecgoog_0147.png"; bbox 0 0 2860 4340; ppageno 0'>
   <div class='ocr_carea' id='block_1_1' title="bbox 219 91 826 156">
    <p class='ocr_par' dir='ltr' id='par_1_1' title="bbox 219 91 826 156">
     <span class='ocr_line' id='line_1_1' title="bbox 219 91 826 156; baseline -0.015 -1"><span class='ocrx_word' id='word_1_1' title='bbox 219 91 279 156; x_wconf 82' lang='lat'>136</span> <span class='ocrx_word' id='word_1_2' title='bbox 674 91 826 146; x_wconf 63' lang='lat' dir='ltr'>canutus</span> 
     </span>
    </p>
   </div>
   <div class='ocr_carea' id='block_1_2' title="bbox 254 247 1118 928">
    <p class='ocr_par' dir='ltr' id='par_1_2' title="bbox 254 247 1118 928">
     <span class='ocr_line' id='line_1_2' title="bbox 322 247 1116 327; baseline 0.009 -20"><span class='ocrx_word' id='word_1_3' title='bbox 322 247 357 308; x_wconf 92' lang='lat' dir='ltr'>da</span> <span class='ocrx_word' id='word_1_4' title='bbox 373 247 455 320; x_wconf 87' lang='lat' dir='ltr'>mihi,</span> <span class='ocrx_word' id='word_1_5' title='bbox 468 248 549 327; x_wconf 86' lang='lat' dir='ltr'>qnod</span> <span class='ocrx_word' id='word_1_6' title='bbox 564 248 665 326; x_wconf 87' lang='lat' dir='ltr'>cupies</span> <span class='ocrx_word' id='word_1_7' title='bbox 681 249 792 310; x_wconf 84' lang='lat' dir='ltr'>frustra</span> <span class='ocrx_word' id='word_1_8' title='bbox 808 249 880 311; x_wconf 90' lang='lat' dir='ltr'>dare</span> <span class='ocrx_word' id='word_1_9' title='bbox 894 249 1018 312; x_wconf 74' lang='lat' dir='ltr'><strong>forsitan</strong></span> <span class='ocrx_word' id='word_1_10' title='bbox 1035 252 1116 324; x_wconf 89' lang='lat' dir='ltr'>olim,</span> 
     </span>
     <span class='ocr_line' id='line_1_3' title="bbox 363 332 1018 415; baseline 0.005 -22"><span class='ocrx_word' id='word_1_11' title='bbox 363 351 430 394; x_wconf 90' lang='lat' dir='ltr'>cum</span> <span class='ocrx_word' id='word_1_12' title='bbox 447 340 530 394; x_wconf 87' lang='lat' dir='ltr'>tenet</span> <span class='ocrx_word' id='word_1_13' title='bbox 546 332 680 395; x_wconf 87' lang='lat' dir='ltr'>obsessas</span> <span class='ocrx_word' id='word_1_14' title='bbox 695 335 792 396; x_wconf 89' lang='lat' dir='ltr'>invida</span> <span class='ocrx_word' id='word_1_15' title='bbox 809 333 899 396; x_wconf 86' lang='lat' dir='ltr'>barba</span> <span class='ocrx_word' id='word_1_16' title='bbox 914 354 1018 415; x_wconf 84' lang='lat' dir='ltr'>genas,</span> 
     </span>
     <span class='ocr_line' id='line_1_4' title="bbox 268 419 1106 500; baseline 0.001 -17"><span class='ocrx_word' id='word_1_17' title='bbox 268 435 283 483; x_wconf 84' lang='lat'><strong>5</strong></span> <span class='ocrx_word' id='word_1_18' title='bbox 321 419 459 500; x_wconf 87' lang='lat' dir='ltr'>quodque</span> <span class='ocrx_word' id='word_1_19' title='bbox 474 419 535 480; x_wconf 91' lang='lat' dir='ltr'>lovi</span> <span class='ocrx_word' id='word_1_20' title='bbox 552 419 684 490; x_wconf 82' lang='lat' dir='ltr'>dederat,</span> <span class='ocrx_word' id='word_1_21' title='bbox 701 420 752 500; x_wconf 89' lang='lat' dir='ltr'>qui</span> <span class='ocrx_word' id='word_1_22' title='bbox 767 429 873 500; x_wconf 87' lang='lat' dir='ltr'>raptus</span> <span class='ocrx_word' id='word_1_23' title='bbox 889 421 925 481; x_wconf 90' lang='lat' dir='ltr'>ab</span> <span class='ocrx_word' id='word_1_24' title='bbox 940 421 1008 483; x_wconf 89' lang='lat' dir='ltr'>alite</span> <span class='ocrx_word' id='word_1_25' title='bbox 1024 442 1106 486; x_wconf 84' lang='lat' dir='ltr'>sacra</span> 
     </span>
     <span class='ocr_line' id='line_1_5' title="bbox 362 504 904 584; baseline 0.007 -20"><span class='ocrx_word' id='word_1_26' title='bbox 362 504 466 565; x_wconf 88' lang='lat' dir='ltr'>miscet</span> <span class='ocrx_word' id='word_1_27' title='bbox 483 504 607 566; x_wconf 88' lang='lat' dir='ltr'>amatori</span> <span class='ocrx_word' id='word_1_28' title='bbox 622 506 725 584; x_wconf 88' lang='lat' dir='ltr'>pocula</span> <span class='ocrx_word' id='word_1_29' title='bbox 740 513 821 584; x_wconf 83' lang='lat' dir='ltr'>grata</span> <span class='ocrx_word' id='word_1_30' title='bbox 838 525 904 579; x_wconf 91' lang='lat' dir='ltr'>suc,</span> 
     </span>
     <span class='ocr_line' id='line_1_6' title="bbox 319 590 1029 671; baseline 0.004 -20"><span class='ocrx_word' id='word_1_31' title='bbox 319 590 399 671; x_wconf 84' lang='lat' dir='ltr'>quod</span> <span class='ocrx_word' id='word_1_32' title='bbox 416 590 496 669; x_wconf 83' lang='lat' dir='ltr'>virgo</span> <span class='ocrx_word' id='word_1_33' title='bbox 512 591 606 670; x_wconf 88' lang='lat' dir='ltr'>prima</span> <span class='ocrx_word' id='word_1_34' title='bbox 622 591 730 670; x_wconf 91' lang='lat' dir='ltr'>cupido</span> <span class='ocrx_word' id='word_1_35' title='bbox 746 592 795 651; x_wconf 87' lang='lat' dir='ltr'>dat</span> <span class='ocrx_word' id='word_1_36' title='bbox 809 599 898 653; x_wconf 85' lang='lat' dir='ltr'>nocte</span> <span class='ocrx_word' id='word_1_37' title='bbox 913 594 1029 668; x_wconf 88' lang='lat' dir='ltr'>marito,</span> 
     </span>
     <span class='ocr_line' id='line_1_7' title="bbox 362 675 996 758; baseline 0.005 -23"><span class='ocrx_word' id='word_1_38' title='bbox 362 675 433 737; x_wconf 90' lang='lat' dir='ltr'>dum</span> <span class='ocrx_word' id='word_1_39' title='bbox 448 676 534 737; x_wconf 87' lang='lat' dir='ltr'>timet</span> <span class='ocrx_word' id='word_1_40' title='bbox 549 675 671 737; x_wconf 90' lang='lat' dir='ltr'>alterius</span> <span class='ocrx_word' id='word_1_41' title='bbox 686 677 793 737; x_wconf 90' lang='lat' dir='ltr'>vulnus</span> <span class='ocrx_word' id='word_1_42' title='bbox 808 677 907 758; x_wconf 89' lang='lat' dir='ltr'>inepta</span> <span class='ocrx_word' id='word_1_43' title='bbox 922 678 996 740; x_wconf 84' lang='lat' dir='ltr'>leci’</span> 
     </span>
     <span class='ocr_line' id='line_1_8' title="bbox 320 761 997 842; baseline 0.004 -19"><span class='ocrx_word' id='word_1_44' title='bbox 320 761 484 839; x_wconf 82' lang='lat' dir='ltr'>simplicius</span> <span class='ocrx_word' id='word_1_45' title='bbox 501 763 595 824; x_wconf 89' lang='lat' dir='ltr'>multc</span> <span class='ocrx_word' id='word_1_46' title='bbox 612 770 657 822; x_wconf 87' lang='lat' dir='ltr'>cst</span> <span class='ocrx_word' id='word_1_47' title='bbox 673 762 719 824; x_wconf 88' lang='lat' dir='ltr'>‘da</span> <span class='ocrx_word' id='word_1_48' title='bbox 735 761 878 842; x_wconf 83' lang='lat' dir='ltr'>pedicare&#39;</span> <span class='ocrx_word' id='word_1_49' title='bbox 895 763 997 826; x_wconf 82' lang='lat' dir='ltr'>Latine</span> 
     </span>
     <span class='ocr_line' id='line_1_9' title="bbox 254 844 1118 928; baseline -0.003 -14"><span class='ocrx_word' id='word_1_50' title='bbox 254 864 284 914; x_wconf 82' lang='grc' dir='ltr'>ιθ</span> <span class='ocrx_word' id='word_1_51' title='bbox 362 847 475 911; x_wconf 82' lang='lat' dir='ltr'>dicere:</span> <span class='ocrx_word' id='word_1_52' title='bbox 492 847 563 928; x_wconf 89' lang='lat' dir='ltr'>quid</span> <span class='ocrx_word' id='word_1_53' title='bbox 579 844 706 908; x_wconf 79' lang='lat' dir='ltr'>faciam?</span> <span class='ocrx_word' id='word_1_54' title='bbox 722 866 822 911; x_wconf 83' lang='lat' dir='ltr'>crassa</span> <span class='ocrx_word' id='word_1_55' title='bbox 836 849 966 912; x_wconf 81' lang='lat' dir='ltr'>Minerva</span> <span class='ocrx_word' id='word_1_56' title='bbox 981 869 1048 911; x_wconf 90' lang='lat' dir='ltr'>mea</span> <span class='ocrx_word' id='word_1_57' title='bbox 1064 857 1118 912; x_wconf 88' lang='lat' dir='ltr'>est.</span> 
     </span>
    </p>
   </div>
   <div class='ocr_carea' id='block_1_3' title="bbox 684 1038 778 1102">
    <p class='ocr_par' dir='ltr' id='par_1_3' title="bbox 684 1038 778 1102">
     <span class='ocr_line' id='line_1_10' title="bbox 684 1038 778 1102; baseline 0.021 -2"><span class='ocrx_word' id='word_1_58' title='bbox 684 1080 688 1087; x_wconf 92' lang='lat'><em>-</em></span> <span class='ocrx_word' id='word_1_59' title='bbox 723 1038 778 1102; x_wconf 91' lang='lat' dir='ltr'>llll</span> 
     </span>
    </p>
   </div>
   <div class='ocr_carea' id='block_1_4' title="bbox 325 1140 914 1481">
    <p class='ocr_par' dir='ltr' id='par_1_4' title="bbox 325 1140 825 1306">
     <span class='ocr_line' id='line_1_11' title="bbox 326 1140 796 1220; baseline 0 -16"><span class='ocrx_word' id='word_1_60' title='bbox 326 1140 478 1204; x_wconf 90' lang='lat' dir='ltr'>Obscenas</span> <span class='ocrx_word' id='word_1_61' title='bbox 493 1141 587 1220; x_wconf 84' lang='lat' dir='ltr'>rigido</span> <span class='ocrx_word' id='word_1_62' title='bbox 603 1140 659 1203; x_wconf 88' lang='lat' dir='ltr'>deo</span> <span class='ocrx_word' id='word_1_63' title='bbox 674 1142 796 1204; x_wconf 87' lang='lat' dir='ltr'>tabellas</span> 
     </span>
     <span class='ocr_line' id='line_1_12' title="bbox 325 1227 825 1306; baseline 0.002 -17"><span class='ocrx_word' id='word_1_64' title='bbox 325 1228 427 1289; x_wconf 89' lang='lat' dir='ltr'>dicans</span> <span class='ocrx_word' id='word_1_65' title='bbox 443 1247 477 1288; x_wconf 88' lang='lat' dir='ltr'>cx</span> <span class='ocrx_word' id='word_1_66' title='bbox 492 1227 704 1306; x_wconf 84' lang='lat' dir='ltr'>Elephantidos</span> <span class='ocrx_word' id='word_1_67' title='bbox 719 1227 825 1290; x_wconf 82' lang='lat' dir='ltr'>libelis</span> 
     </span>
    </p>

    <p class='ocr_par' dir='ltr' id='par_1_5' title="bbox 325 1312 914 1481">
     <span class='ocr_line' id='line_1_13' title="bbox 325 1312 914 1392; baseline 0 -17"><span class='ocrx_word' id='word_1_68' title='bbox 325 1315 374 1375; x_wconf 92' lang='lat' dir='ltr'>dat</span> <span class='ocrx_word' id='word_1_69' title='bbox 391 1313 503 1374; x_wconf 89' lang='lat' dir='ltr'>donum</span> <span class='ocrx_word' id='word_1_70' title='bbox 519 1312 624 1391; x_wconf 80' lang='lat' dir='ltr'>Lalage</span> <span class='ocrx_word' id='word_1_71' title='bbox 638 1321 788 1392; x_wconf 79' lang='lat' dir='ltr'>rogatque,</span> <span class='ocrx_word' id='word_1_72' title='bbox 805 1321 914 1388; x_wconf 85' lang='lat' dir='ltr'>tentes,</span> 
     </span>
     <span class='ocr_line' id='line_1_14' title="bbox 329 1399 823 1481; baseline 0 -19"><span class='ocrx_word' id='word_1_73' title='bbox 329 1399 353 1462; x_wconf 88' lang='lat' dir='ltr'>si</span> <span class='ocrx_word' id='word_1_74' title='bbox 369 1399 462 1481; x_wconf 91' lang='lat' dir='ltr'>pictas</span> <span class='ocrx_word' id='word_1_75' title='bbox 478 1417 554 1480; x_wconf 89' lang='lat' dir='ltr'>opus</span> <span class='ocrx_word' id='word_1_76' title='bbox 570 1399 637 1462; x_wconf 89' lang='lat' dir='ltr'>edat</span> <span class='ocrx_word' id='word_1_77' title='bbox 652 1399 689 1461; x_wconf 86' lang='lat' dir='ltr'>ad</span> <span class='ocrx_word' id='word_1_78' title='bbox 703 1399 823 1478; x_wconf 81' lang='lat' dir='ltr'>figuras.</span> 
     </span>
    </p>
   </div>
   <div class='ocr_carea' id='block_1_5' title="bbox 737 1601 761 1662">
    <p class='ocr_par' dir='ltr' id='par_1_6' title="bbox 737 1601 761 1662">
     <span class='ocr_line' id='line_1_15' title="bbox 737 1601 761 1662; baseline 0 0"><span class='ocrx_word' id='word_1_79' title='bbox 737 1601 761 1662; x_wconf 86' lang='lat' dir='ltr'>V</span> 
     </span>
    </p>
   </div>
   <div class='ocr_carea' id='block_1_6' title="bbox 200 1703 1117 2043">
    <p class='ocr_par' dir='ltr' id='par_1_7' title="bbox 200 1703 1117 2043">
     <span class='ocr_line' id='line_1_16' title="bbox 321 1703 1023 1785; baseline 0 -18"><span class='ocrx_word' id='word_1_80' title='bbox 321 1706 417 1780; x_wconf 85' lang='lat' dir='ltr'>Quam</span> <span class='ocrx_word' id='word_1_81' title='bbox 433 1723 527 1783; x_wconf 88' lang='lat' dir='ltr'>puero</span> <span class='ocrx_word' id='word_1_82' title='bbox 542 1705 638 1784; x_wconf 84' lang='lat' dir='ltr'>legem</span> <span class='ocrx_word' id='word_1_83' title='bbox 654 1705 749 1766; x_wconf 86' lang='lat' dir='ltr'>fertur</span> <span class='ocrx_word' id='word_1_84' title='bbox 764 1703 874 1768; x_wconf 84' lang='lat' dir='ltr'>dixisse</span> <span class='ocrx_word' id='word_1_85' title='bbox 889 1704 1023 1785; x_wconf 84' lang='lat' dir='ltr'>Priapus,</span> 
     </span>
     <span class='ocr_line' id='line_1_17' title="bbox 365 1789 999 1870; baseline -0.002 -19"><span class='ocrx_word' id='word_1_86' title='bbox 365 1789 501 1851; x_wconf 85' lang='lat' dir='ltr'>versibus</span> <span class='ocrx_word' id='word_1_87' title='bbox 517 1790 565 1854; x_wconf 91' lang='lat' dir='ltr'>hic</span> <span class='ocrx_word' id='word_1_88' title='bbox 579 1791 657 1852; x_wconf 87' lang='lat' dir='ltr'>infra</span> <span class='ocrx_word' id='word_1_89' title='bbox 672 1791 781 1870; x_wconf 87' lang='lat' dir='ltr'>scripta</span> <span class='ocrx_word' id='word_1_90' title='bbox 797 1791 912 1853; x_wconf 88' lang='lat' dir='ltr'>duobus</span> <span class='ocrx_word' id='word_1_91' title='bbox 929 1791 999 1852; x_wconf 88' lang='lat' dir='ltr'>erit:</span> 
     </span>
     <span class='ocr_line' id='line_1_18' title="bbox 200 1875 1117 1956; baseline 0 -18"><span class='ocrx_word' id='word_1_92' title='bbox 200 1915 204 1922; x_wconf 93' lang='lat'><em>-</em></span> <span class='ocrx_word' id='word_1_93' title='bbox 322 1875 410 1956; x_wconf 85' lang='lat' dir='ltr'>‘quod</span> <span class='ocrx_word' id='word_1_94' title='bbox 426 1894 511 1936; x_wconf 87' lang='lat' dir='ltr'>meus</span> <span class='ocrx_word' id='word_1_95' title='bbox 524 1877 740 1950; x_wconf 79' lang='lat' dir='ltr'>hortushahet,</span> <span class='ocrx_word' id='word_1_96' title='bbox 755 1895 857 1956; x_wconf 86' lang='lat' dir='ltr'>sumas</span> <span class='ocrx_word' id='word_1_97' title='bbox 872 1877 995 1956; x_wconf 90' lang='lat' dir='ltr'>impune</span> <span class='ocrx_word' id='word_1_98' title='bbox 1009 1875 1117 1948; x_wconf 83' lang='lat' dir='ltr'>licebit,</span> 
     </span>
     <span class='ocr_line' id='line_1_19' title="bbox 363 1961 1057 2043; baseline 0 -19"><span class='ocrx_word' id='word_1_99' title='bbox 363 1961 388 2024; x_wconf 92' lang='lat' dir='ltr'>si</span> <span class='ocrx_word' id='word_1_100' title='bbox 405 1961 519 2026; x_wconf 88' lang='lat' dir='ltr'>dederis</span> <span class='ocrx_word' id='word_1_101' title='bbox 534 1961 631 2036; x_wconf 87' lang='lat' dir='ltr'>nobis,</span> <span class='ocrx_word' id='word_1_102' title='bbox 647 1963 727 2043; x_wconf 88' lang='lat' dir='ltr'>quod</span> <span class='ocrx_word' id='word_1_103' title='bbox 741 1970 812 2024; x_wconf 90' lang='lat' dir='ltr'>tuus</span> <span class='ocrx_word' id='word_1_104' title='bbox 826 1962 932 2024; x_wconf 87' lang='lat' dir='ltr'>hortus</span> <span class='ocrx_word' id='word_1_105' title='bbox 947 1962 1057 2024; x_wconf 63' lang='lat' dir='ltr'>hahet!</span> 
     </span>
    </p>
   </div>
   <div class='ocr_carea' id='block_1_7' title="bbox 199 2265 1089 2606">
    <p class='ocr_par' dir='ltr' id='par_1_8' title="bbox 320 2265 920 2434">
     <span class='ocr_line' id='line_1_20' title="bbox 320 2265 920 2347; baseline -0.002 -18"><span class='ocrx_word' id='word_1_106' title='bbox 320 2269 406 2343; x_wconf 85' lang='lat' dir='ltr'>Quod</span> <span class='ocrx_word' id='word_1_107' title='bbox 421 2286 489 2330; x_wconf 94' lang='lat' dir='ltr'>sum</span> <span class='ocrx_word' id='word_1_108' title='bbox 500 2266 626 2346; x_wconf 82' lang='lat' dir='ltr'>ligneus,</span> <span class='ocrx_word' id='word_1_109' title='bbox 641 2272 675 2327; x_wconf 91' lang='lat' dir='ltr'>ut</span> <span class='ocrx_word' id='word_1_110' title='bbox 689 2265 778 2340; x_wconf 89' lang='lat' dir='ltr'>vides,</span> <span class='ocrx_word' id='word_1_111' title='bbox 794 2265 920 2347; x_wconf 79' lang='lat' dir='ltr'>Priapus</span> 
     </span>
     <span class='ocr_line' id='line_1_21' title="bbox 321 2351 833 2434; baseline -0.006 -18"><span class='ocrx_word' id='word_1_112' title='bbox 321 2361 351 2416; x_wconf 88' lang='lat' dir='ltr'>et</span> <span class='ocrx_word' id='word_1_113' title='bbox 365 2355 423 2415; x_wconf 83' lang='lat' dir='ltr'>lalx</span> <span class='ocrx_word' id='word_1_114' title='bbox 438 2353 534 2434; x_wconf 82' lang='lat' dir='ltr'>lignea</span> <span class='ocrx_word' id='word_1_115' title='bbox 549 2353 723 2432; x_wconf 78' lang='lat' dir='ltr'>ligneusque</span> <span class='ocrx_word' id='word_1_116' title='bbox 737 2351 833 2432; x_wconf 76' lang='lat' dir='ltr'>penis,</span> 
     </span>
    </p>

    <p class='ocr_par' dir='ltr' id='par_1_9' title="bbox 199 2437 1089 2606">
     <span class='ocr_line' id='line_1_22' title="bbox 199 2437 952 2522; baseline 0.005 -24"><span class='ocrx_word' id='word_1_117' title='bbox 199 2486 203 2498; x_wconf 93' lang='lat'>.</span> <span class='ocrx_word' id='word_1_118' title='bbox 322 2439 467 2522; x_wconf 88' lang='lat' dir='ltr'>prendam</span> <span class='ocrx_word' id='word_1_119' title='bbox 483 2447 627 2502; x_wconf 72' lang='lat' dir='ltr'>tatamen</span> <span class='ocrx_word' id='word_1_120' title='bbox 643 2447 673 2499; x_wconf 85' lang='lat' dir='ltr'>et</span> <span class='ocrx_word' id='word_1_121' title='bbox 687 2437 795 2500; x_wconf 85' lang='lat' dir='ltr'>tenebo</span> <span class='ocrx_word' id='word_1_122' title='bbox 810 2456 952 2518; x_wconf 87' lang='lat' dir='ltr'>prensum</span> 
     </span>
     <span class='ocr_line' id='line_1_23' title="bbox 321 2525 1089 2606; baseline -0.005 -19"><span class='ocrx_word' id='word_1_123' title='bbox 321 2535 473 2606; x_wconf 83' lang='lat' dir='ltr'>totamque</span> <span class='ocrx_word' id='word_1_124' title='bbox 489 2527 565 2586; x_wconf 89' lang='lat' dir='ltr'>hanc</span> <span class='ocrx_word' id='word_1_125' title='bbox 580 2525 645 2586; x_wconf 90' lang='lat' dir='ltr'>sine</span> <span class='ocrx_word' id='word_1_126' title='bbox 659 2525 772 2596; x_wconf 83' lang='lat' dir='ltr'>fraude,</span> <span class='ocrx_word' id='word_1_127' title='bbox 790 2531 1019 2605; x_wconf 87' lang='lat' dir='ltr'>quantacunque</span> <span class='ocrx_word' id='word_1_128' title='bbox 1035 2529 1089 2597; x_wconf 89' lang='lat' dir='ltr'>est,</span> 
     </span>
    </p>
   </div>
   <div class='ocr_carea' id='block_1_8' title="bbox 213 2610 1020 2776">
    <p class='ocr_par' dir='ltr' id='par_1_10' title="bbox 213 2610 1020 2776">
     <span class='ocr_line' id='line_1_24' title="bbox 321 2610 834 2691; baseline -0.006 -18"><span class='ocrx_word' id='word_1_129' title='bbox 321 2620 472 2673; x_wconf 85' lang='lat' dir='ltr'>tormento</span> <span class='ocrx_word' id='word_1_130' title='bbox 488 2611 657 2691; x_wconf 88' lang='lat' dir='ltr'>citharaque</span> <span class='ocrx_word' id='word_1_131' title='bbox 672 2610 834 2672; x_wconf 80' lang='lat' dir='ltr'>tensionem</span> 
     </span>
     <span class='ocr_line' id='line_1_25' title="bbox 213 2696 1020 2776; baseline -0.005 -17"><span class='ocrx_word' id='word_1_132' title='bbox 213 2736 218 2743; x_wconf 90' lang='lat'><em>-</em></span> <span class='ocrx_word' id='word_1_133' title='bbox 321 2698 358 2759; x_wconf 91' lang='lat' dir='ltr'>ad</span> <span class='ocrx_word' id='word_1_134' title='bbox 374 2706 484 2759; x_wconf 88' lang='lat' dir='ltr'>costam</span> <span class='ocrx_word' id='word_1_135' title='bbox 499 2697 552 2758; x_wconf 88' lang='lat' dir='ltr'>tihi</span> <span class='ocrx_word' id='word_1_136' title='bbox 567 2696 725 2776; x_wconf 87' lang='lat' dir='ltr'>septimam</span> <span class='ocrx_word' id='word_1_137' title='bbox 739 2696 908 2758; x_wconf 89' lang='lat' dir='ltr'>recondam.</span> <span class='ocrx_word' id='word_1_138' title='bbox 1013 2761 1020 2774; x_wconf 55' lang='grc'><em>,</em></span> 
     </span>
    </p>
   </div>
   <div class='ocr_carea' id='block_1_9' title="bbox 321 2856 1101 3132">
    <p class='ocr_par' dir='ltr' id='par_1_11' title="bbox 321 2856 1101 3132">
     <span class='ocr_line' id='line_1_26' title="bbox 722 2856 844 2922; baseline 0 0"><span class='ocrx_word' id='word_1_139' title='bbox 722 2861 773 2922; x_wconf 88' lang='lat' dir='ltr'>Vll</span> <span class='ocrx_word' id='word_1_140' title='bbox 842 2856 844 2860; x_wconf 76' lang='grc'><strong>’</strong></span> 
     </span>
     <span class='ocr_line' id='line_1_27' title="bbox 321 2963 1101 3046; baseline -0.005 -16"><span class='ocrx_word' id='word_1_141' title='bbox 321 2967 395 3030; x_wconf 81' lang='lat' dir='ltr'>Cum</span> <span class='ocrx_word' id='word_1_142' title='bbox 410 2966 525 3046; x_wconf 87' lang='lat' dir='ltr'>loquor,</span> <span class='ocrx_word' id='word_1_143' title='bbox 541 2983 600 3027; x_wconf 86' lang='lat' dir='ltr'>una</span> <span class='ocrx_word' id='word_1_144' title='bbox 615 2963 689 3026; x_wconf 90' lang='lat' dir='ltr'>mihi</span> <span class='ocrx_word' id='word_1_145' title='bbox 704 2971 844 3045; x_wconf 89' lang='lat' dir='ltr'>peccatur</span> <span class='ocrx_word' id='word_1_146' title='bbox 858 2963 969 3038; x_wconf 88' lang='lat' dir='ltr'>littera;</span> <span class='ocrx_word' id='word_1_147' title='bbox 985 2981 1054 3027; x_wconf 91' lang='lat' dir='ltr'>nam</span> <span class='ocrx_word' id='word_1_148' title='bbox 1070 2972 1101 3026; x_wconf 89' lang='lat' dir='ltr'>tc</span> 
     </span>
     <span class='ocr_line' id='line_1_28' title="bbox 362 3050 1055 3132; baseline -0.003 -18"><span class='ocrx_word' id='word_1_149' title='bbox 362 3052 483 3132; x_wconf 88' lang='lat' dir='ltr'>pe-dico</span> <span class='ocrx_word' id='word_1_150' title='bbox 499 3068 618 3131; x_wconf 89' lang='lat' dir='ltr'>semper</span> <span class='ocrx_word' id='word_1_151' title='bbox 633 3050 789 3132; x_wconf 83' lang='lat' dir='ltr'>blaesaqne</span> <span class='ocrx_word' id='word_1_152' title='bbox 805 3051 905 3132; x_wconf 85' lang='lat' dir='ltr'>lingua</span> <span class='ocrx_word' id='word_1_153' title='bbox 920 3071 985 3114; x_wconf 90' lang='lat' dir='ltr'>mea</span> <span class='ocrx_word' id='word_1_154' title='bbox 1001 3057 1055 3112; x_wconf 86' lang='lat' dir='ltr'>cst.</span> 
     </span>
    </p>
   </div>
   <div class='ocr_carea' id='block_1_10' title="bbox 712 3226 776 3289">
    <p class='ocr_par' dir='ltr' id='par_1_12' title="bbox 712 3226 776 3289">
     <span class='ocr_line' id='line_1_29' title="bbox 712 3226 776 3289; baseline 0.031 -2"><span class='ocrx_word' id='word_1_155' title='bbox 712 3226 776 3289; x_wconf 86' lang='lat' dir='ltr'>Vlll</span> 
     </span>
    </p>
   </div>
   <div class='ocr_carea' id='block_1_11' title="bbox 319 3330 971 3753">
    <p class='ocr_par' dir='ltr' id='par_1_13' title="bbox 319 3330 971 3753">
     <span class='ocr_line' id='line_1_30' title="bbox 319 3330 896 3414; baseline -0.005 -23"><span class='ocrx_word' id='word_1_156' title='bbox 319 3331 472 3414; x_wconf 85' lang='lat' dir='ltr'>Matronae</span> <span class='ocrx_word' id='word_1_157' title='bbox 487 3331 591 3410; x_wconf 86' lang='lat' dir='ltr'>procul</span> <span class='ocrx_word' id='word_1_158' title='bbox 605 3330 676 3392; x_wconf 91' lang='lat' dir='ltr'>hinc</span> <span class='ocrx_word' id='word_1_159' title='bbox 691 3330 769 3393; x_wconf 90' lang='lat' dir='ltr'>abite</span> <span class='ocrx_word' id='word_1_160' title='bbox 785 3337 896 3392; x_wconf 86' lang='lat' dir='ltr'>castae:</span> 
     </span>
     <span class='ocr_line' id='line_1_31' title="bbox 319 3415 971 3498; baseline 0.005 -22"><span class='ocrx_word' id='word_1_161' title='bbox 319 3423 408 3498; x_wconf 84' lang='lat' dir='ltr'>turpe</span> <span class='ocrx_word' id='word_1_162' title='bbox 420 3423 466 3477; x_wconf 89' lang='lat' dir='ltr'>est</span> <span class='ocrx_word' id='word_1_163' title='bbox 480 3434 531 3477; x_wconf 90' lang='lat' dir='ltr'>vcs</span> <span class='ocrx_word' id='word_1_164' title='bbox 546 3417 643 3496; x_wconf 82' lang='lat' dir='ltr'>legere</span> <span class='ocrx_word' id='word_1_165' title='bbox 654 3416 802 3496; x_wconf 91' lang='lat' dir='ltr'>impudica</span> <span class='ocrx_word' id='word_1_166' title='bbox 818 3415 916 3479; x_wconf 84' lang='lat' dir='ltr'>verba.</span> <span class='ocrx_word' id='word_1_167' title='bbox 926 3422 971 3462; x_wconf 81' lang='grc'>’-</span> 
     </span>
     <span class='ocr_line' id='line_1_32' title="bbox 319 3501 856 3582; baseline -0.006 -19"><span class='ocrx_word' id='word_1_168' title='bbox 319 3519 381 3563; x_wconf 88' lang='lat' dir='ltr'>non</span> <span class='ocrx_word' id='word_1_169' title='bbox 397 3502 471 3562; x_wconf 87' lang='lat' dir='ltr'>assis</span> <span class='ocrx_word' id='word_1_170' title='bbox 486 3501 598 3563; x_wconf 89' lang='lat' dir='ltr'>faciunt</span> <span class='ocrx_word' id='word_1_171' title='bbox 613 3513 745 3582; x_wconf 85' lang='lat' dir='ltr'>euntque</span> <span class='ocrx_word' id='word_1_172' title='bbox 760 3509 856 3564; x_wconf 90' lang='lat' dir='ltr'>recta:</span> 
     </span>
     <span class='ocr_line' id='line_1_33' title="bbox 320 3587 929 3667; baseline -0.005 -18"><span class='ocrx_word' id='word_1_173' title='bbox 320 3587 462 3649; x_wconf 88' lang='lat' dir='ltr'>nimirum</span> <span class='ocrx_word' id='word_1_174' title='bbox 478 3587 598 3667; x_wconf 86' lang='lat' dir='ltr'>sapiunt</span> <span class='ocrx_word' id='word_1_175' title='bbox 613 3587 776 3667; x_wconf 85' lang='lat' dir='ltr'>videntque</span> <span class='ocrx_word' id='word_1_176' title='bbox 791 3602 929 3664; x_wconf 83' lang='lat' dir='ltr'>magnam</span> 
     </span>
     <span class='ocr_line' id='line_1_34' title="bbox 320 3671 938 3753; baseline -0.005 -19"><span class='ocrx_word' id='word_1_177' title='bbox 320 3671 473 3735; x_wconf 80' lang='lat' dir='ltr'>matrcnae</span> <span class='ocrx_word' id='word_1_178' title='bbox 490 3692 608 3753; x_wconf 88' lang='lat' dir='ltr'>quoque</span> <span class='ocrx_word' id='word_1_179' title='bbox 624 3673 786 3735; x_wconf 88' lang='lat' dir='ltr'>mentulam</span> <span class='ocrx_word' id='word_1_180' title='bbox 801 3673 938 3734; x_wconf 85' lang='lat' dir='ltr'>libenter.</span> 
     </span>
    </p>
   </div>
   <div class='ocr_carea' id='block_1_12' title="bbox 279 3855 752 3924">
    <p class='ocr_par' dir='ltr' id='par_1_14' title="bbox 279 3855 752 3924">
     <span class='ocr_line' id='line_1_35' title="bbox 279 3855 752 3924; baseline -0.006 -16"><span class='ocrx_word' id='word_1_181' title='bbox 279 3855 311 3908; x_wconf 97' lang='lat' dir='ltr'>lll</span> <span class='ocrx_word' id='word_1_182' title='bbox 323 3858 339 3907; x_wconf 83' lang='lat'>4</span> <span class='ocrx_word' id='word_1_183' title='bbox 351 3864 421 3919; x_wconf 80' lang='lat' dir='ltr'>teget</span> <span class='ocrx_word' id='word_1_184' title='bbox 434 3856 528 3908; x_wconf 80' lang='lat' dir='ltr'>Aldina</span> <span class='ocrx_word' id='word_1_185' title='bbox 541 3855 550 3924; x_wconf 76' lang='lat' dir='ltr'>l}</span> <span class='ocrx_word' id='word_1_186' title='bbox 563 3855 597 3910; x_wconf 89' lang='lat' dir='ltr'>Vl</span> <span class='ocrx_word' id='word_1_187' title='bbox 610 3856 625 3906; x_wconf 80' lang='lat'>³</span> <span class='ocrx_word' id='word_1_188' title='bbox 637 3871 752 3921; x_wconf 77' lang='lat' dir='ltr'>prensam</span> 
     </span>
    </p>
   </div>
   <div class='ocr_carea' id='block_1_13' title="bbox 0 0 1434 4340">
    <p class='ocr_par' dir='ltr' id='par_1_15' title="bbox 0 0 1434 4340">
     <span class='ocr_line' id='line_1_36' title="bbox 0 0 1434 4340; baseline 0 0"><span class='ocrx_word' id='word_1_189' title='bbox 0 0 1434 4340; x_wconf 95' lang='lat' dir='ltr'> </span> 
     </span>
    </p>
   </div>
  </div>
 </body>
</html>
