2860 4340
242 117 301 179 118
672 112 884 165 cousrccrvs
950 115 953 121 ¹

242 267 1316 352 discoloniacetpetitoribusaedilitatisotlitteraruinhonoresuiyaepueri

240 355 416 417 educatione.
433 354 568 414 47-52
578 354 652 415 redit
667 352 844 423 Trimalchio,
860 373 939 416 suein
951 353 1039 416 occidi
1046 357 1195 434 statimque
1207 361 1318 434 parari

239 445 271 502 in
282 459 380 503 cenam
395 441 479 511 iubet,
503 444 553 520 qui
566 449 659 500 coctus
675 456 773 500 corani
787 443 912 501 coiioiois
926 445 1115 511 intueretur,
1131 441 1314 502 sermonibus

241 529 352 606 attinyit
367 526 543 592 medicinam,
560 524 741 596 rhetoricam,
755 525 896 595 hutorias,
913 529 1019 586 artium
1031 529 1235 605 siynorumpue
1246 535 1313 586 stu-

242 611 298 673 dia.
334 609 460 690 52ῂὸ4
475 610 553 672 ebrio
567 612 720 689 praeimus
742 610 888 671 cordacem
903 610 1010 671 saltare
1026 614 1123 688 coepit,
1146 614 1313 672 menarium

242 698 323 758 audit
338 707 402 757 acta
413 697 528 775 praedii
540 699 587 758 sui
599 698 774 764 coaetaneae,
793 699 1012 774 petauristarios
1033 705 1162 772 spectans
1183 715 1202 756 a
1217 713 1312 774 puero

241 783 444 862 superlectum
460 779 647 859 eiusdelapso
663 779 797 841 laeditur.
833 779 872 840 55
895 781 935 841 56
956 785 1158 860 epiyrammote
1183 784 1215 841 in
1236 781 1313 842 hunc

242 885 339 928 casum
354 867 432 946 sacto
449 867 481 927 de
496 869 585 943 poetis
601 865 709 926 locutus
724 877 870 944 comparat
884 869 960 926 inter
980 884 1009 926 se
1026 865 1188 942 Ciceronem
1208 876 1235 926 et
1254 864 1312 944 Sy-

240 971 316 1022 rum,
333 952 443 1013 litteras
458 961 482 1010 et
498 949 663 1028 artificiab
666 967 729 1014 oues
744 961 771 1010 ct
786 969 858 1022 oves,
873 951 960 1012 donec
983 950 1155 1032 apophoreta
1171 949 1313 1011 distribu-

240 1047 339 1097 untur.
373 1036 413 1096 57
430 1033 470 1095 58
485 1035 643 1096 ridentibus
659 1053 692 1094 ea
708 1035 818 1136 Ascylto
840 1046 866 1096 et
888 1035 983 1096 Gitoni
1002 1035 1157 1096 Hermeros
1181 1034 1312 1096 Trimal-

241 1121 347 1184 chionis
366 1120 527 1182 collibertus
544 1124 648 1199 inyerit
672 1123 808 1181 conuicio.
863 1121 903 1180 59
930 1119 970 1180 60
997 1125 1108 1181 intrant
1132 1119 1312 1181 Homeristae

240 1207 369 1286 equibus
384 1205 460 1266 Aiaa
480 1205 602 1266 adulam
617 1203 727 1266 eliaam
743 1187 855 1276 scindit,
875 1206 982 1266 damur
1000 1205 1150 1267 alabastra
1170 1216 1197 1267 et
1213 1223 1311 1283 papia,

241 1292 283 1352 dis
297 1292 389 1352 honor
403 1289 532 1354 habetur.
570 1289 608 1349 61
611 1289 695 1350 -o3
707 1291 830 1371 fabulas
836 1302 962 1354 narrant
973 1291 1088 1352 Niceros
1101 1291 1134 1351 de
1146 1292 1234 1352 milite
1245 1309 1313 1351 mu-

242 1387 299 1438 tato
314 1380 345 1436 in
366 1376 467 1454 lupum
483 1385 509 1436 ct
533 1374 707 1436 Trimalchio
723 1377 758 1436 de
777 1376 910 1455 striyihuo
932 1387 1062 1456 tactuque
1081 1377 1176 1436 malae
1196 1394 1312 1437 manus.

241 1460 282 1522 64
301 1459 468 1522 Trimalchio
489 1461 604 1540 beniyne
623 1461 695 1539 facit
715 1464 821 1536 amico,
845 1462 949 1523 deliacis
973 1465 1041 1531 suis,
1063 1465 1130 1522 cani
1150 1462 1311 1534 domestico,

240 1550 337 1608 seruis.
377 1543 501 1606 bb-b'i
519 1556 586 1624 post
606 1554 727 1608 matteas
754 1551 918 1608 comissator
938 1547 1054 1608 advenit
1072 1545 1223 1608 Habinnas
1246 1565 1313 1608 anm

239 1650 334 1694 unare
351 1650 405 1692 sna
425 1629 564 1701 Scintilla,
591 1641 698 1692 namot
722 1637 770 1694 cui
792 1635 969 1712 interfuerat
987 1651 1100 1706 cenam,
1123 1635 1313 1710 impetratae
1345 1679 1352 1700 ,

239 1717 400 1778 Fortunata
424 1733 503 1777 uuor
527 1715 745 1778 Trimalchionis
766 1719 913 1780 recumbat
935 1735 1053 1796 eamque
1075 1719 1107 1778 de
1134 1721 1314 1778 orrmrneno's.

240 1806 299 1866 suis
315 1803 483 1864 collocatam
500 1821 565 1862 mm
578 1801 712 1863 Scintilla
723 1805 849 1865 immittit
865 1804 943 1864 lecto.
966 1799 1245 1862 68—71seeundae
1256 1803 1312 1863 ad-

239 1890 377 1969 seruntur
390 1905 514 1958 unusne,
529 1885 680 1948 Habinnae
692 1906 768 1967 peior
783 1888 866 1951 ludos
880 1890 961 1969 satit,
973 1897 1040 1967 post
1049 1888 1241 1966 epidipru'dem
1250 1905 1311 1948 uie-

238 1984 347 2054 yuutur
370 1975 503 2033 conuiuae
523 1975 655 2051 seruique
675 1973 869 2035 admittuntur
891 1977 923 2035 in
950 1971 1116 2043 triclinium,
1139 1971 1311 2034 Trimalchio

241 2068 436 2120 testamentum
451 2075 536 2130 suum
546 2060 668 2118 recitans
682 2059 814 2137 familiae
825 2063 947 2121 concitat
959 2057 1200 2119 lamentationem
1226 2055 1309 2116 72-

241 2144 282 2204 74
296 2147 328 2204 in
342 2142 443 2204 balneo
465 2140 680 2204 Trimalchionis
701 2143 827 2204 discussa
847 2145 979 2205 ebrietate
999 2143 1128 2222 reficitur
1148 2145 1311 2204 canaiaieun

240 2233 271 2288 in
286 2228 343 2290 alio
358 2228 489 2288 triclinio.
526 2225 652 2286 74--78
674 2231 790 2288 ri'aatus
812 2228 986 2290 Trimalchio
1005 2246 1070 2288 aum
1092 2245 1184 2288 naue
1204 2247 1258 2288 sua
1273 2228 1310 2289 de

239 2317 299 2374 aila
314 2313 395 2374 dama
409 2313 545 2392 felicitate
560 2330 608 2390 spe
622 2331 676 2374 sua
691 2313 812 2386 disserit,
836 2315 953 2394 deniyin
969 2317 1124 2374 cornicines
1145 2314 1199 2387 sibi
1217 2313 1307 2392 [ime-

241 2400 304 2460 bres
325 2399 455 2460 madae
442 2400 568 2458 moinere
588 2398 671 2468 iubet,
691 2417 749 2477 yaa
769 2417 801 2460 re
822 2399 950 2462 tumultu
969 2400 1047 2478 sacto
1071 2398 1224 2476 Emalpius
1243 2417 1308 2459 aum

241 2483 352 2562 Ascylto
367 2494 392 2544 ct
410 2481 509 2544 &aaa
524 2483 631 2564 effuyit.

251 2609 255 2614 -
327 2569 369 2630 79
384 2569 424 2630 80
441 2569 557 2630 domani
572 2568 666 2630 radun
681 2569 833 2648 Encolpius
849 2570 919 2630 dum
937 2581 1024 2631 noctu
1043 2533 1148 2630 dormit
1168 2579 1234 2628 ain
1256 2565 1308 2629 Gi-

240 2665 313 2726 tons,
327 2653 496 2716 subducitur
507 2671 614 2733 puero
617 2653 769 2732 b,Ascylta
793 2659 885 2734 itaque
902 2657 1065 2716 communia
1080 2656 1177 2714 omnia
1197 2653 1310 2715 sodalis

189 2815 194 2822 1
240 2739 396 2800 dissoluant
411 2737 534 2800 abilon
548 2739 681 2816 Ascylton
694 2739 774 2817 eliyit
789 2751 1026 2819 yuemseyaatur.
1066 2736 1104 2800 81
1123 2736 1165 2798 8³2
1180 2738 1310 2800 disemus

242 2825 393 2902 Tnoohius
407 2823 561 2884 maeret'in
576 2823 734 2896 solitudine,
751 2825 851 2886 danda
866 2826 1003 2904 efferatus
1015 2823 1127 2886 caemar
1138 2826 1248 2884 inimici
1259 2843 1308 2884 co-

238 2913 309 2990 yitat
324 2909 372 2970 sed
387 2908 501 2970 delusus
516 2928 534 2969 a
547 2908 636 2970 milite
651 2927 735 2972 uma
747 2915 836 2987 ponit.
872 2909 912 2972 83
929 2907 970 2970 84
991 2913 1022 2970 in
1039 2908 1225 2988 pmaaotheca
1244 2927 1309 2971 cum

237 2998 325 3074 picem
341 3005 469 3056 amantes
489 2995 691 3072 consideraret,
713 2996 819 3057 accedit
838 2997 878 3058 ad
896 3013 960 3056 cum
982 2995 1139 3073 Tmnolpus
1156 3004 1242 3072 poeta
1259 2999 1311 3074 yui

237 3089 435 3160 paupertatem
455 3095 540 3140 suam
558 3097 655 3142 auare
677 3080 841 3144 litterarum
859 3081 992 3143 anuas.
1041 3077 1177 3143 85m87
1202 3091 1309 3142 norrea

241 3166 398 3244 Eumolpus
418 3179 473 3245 yuo
495 3166 578 3228 modo
603 3165 736 3245 Paryanii
752 3166 858 3245 ephiba
878 3170 947 3228 satis
970 3167 1073 3245 sisara
1096 3167 1225 3244 [umam
1243 3165 1310 3246 lidii
1414 3215 1415 3244 ,

240 3269 309 3312 suae
321 3251 466 3314 mandato.
491 3248 616 3310 88-90
633 3255 782 3330 quaeritur
798 3270 849 3313 cur
858 3257 972 3330 pictura
983 3261 1111 3331 artesque
1123 3261 1231 3312 ceurae
1237 3268 1308 3329 per·

240 3340 341 3409 ierint,
366 3339 504 3414 pecuniae
535 3335 753 3415 reprehaiditur
775 3339 929 3416 cupiditas,
963 3335 1092 3400 tabulam
1112 3354 1183 3415 puae
1208 3333 1308 3399 Troiae

240 3421 353 3484 halosin
368 3421 490 3482 ostendit
504 3425 612 3500 tropico
626 3421 784 3501 Enrnoipus
798 3426 923 3484 carmine
938 3423 1087 3501 captiua,
1104 3421 1232 3498 lapidum
1245 3425 1308 3482 iati-

242 3507 293 3567 bus
304 3507 464 3585 prosuyere
479 3525 494 3567 e
506 3511 619 3585 portion
634 3511 752 3587 capitur.
787 3506 826 3568 91
846 3505 886 3568 92
906 3511 937 3568 its
958 3507 1059 3568 balneo
1079 3508 1226 3584 ripariam
1247 3505 1307 3570 Em
1414 3555 1415 3560 ,

242 3592 351 3669 colpius
368 3589 514 3654 Gitanain
526 3591 677 3668 hospitium
696 3609 783 3654 mum
802 3592 938 3670 perdiscit,
957 3609 1099 3672 quaerens
1120 3589 1222 3654 (inane
1243 3610 1309 3653 aeni
1414 3603 1415 3616 ¹

240 3679 411 3738 uestimentis
425 3676 551 3754 Ascyltos
566 3681 674 3738 inoeicit
688 3688 853 3739 amatorem.
888 3676 927 3739 93
944 3676 984 3740 tt
1005 3695 1105 3738 aerem
1125 3693 1244 3738 nasum
1258 3679 1306 3754 sa·

242 3763 316 3822 aiau
332 3761 489 3839 Eumolpus
503 3761 672 3840 obitayatni·
684 3762 721 3822 ab
732 3763 876 3842 Encolpio,
894 3763 1088 3842 defenditura
1105 3760 1213 3832 ditatae,
1228 3765 1307 3823 caius

237 3853 331 3924 poan
343 3861 470 3908 amarem
491 3847 635 3925 censemus
658 3849 742 3928 [oros
762 3847 929 3926 capellum,
955 3851 1053 3910 eniens
1074 3857 1171 3908 autem
1189 3847 1307 3930 includit
