2864 4344
561 103 564 120 1
594 145 734 200 surinus
1155 146 1201 211 23
1308 231 1311 248 Ι

25 301 26 312 ’
72 313 113 364 Hb
127 306 164 369 ad
182 323 343 377 summam,
365 321 447 364 mero
463 303 586 366 meridie
602 303 628 363 si
643 303 751 366 dixerit
770 303 811 365 illi
834 303 971 366 tenebras
993 321 1076 372 esse,
1088 304 1197 365 credet.

25 393 26 464 j
88 405 112 454 11
132 393 137 474 1
156 393 224 472 ipse
245 391 341 452 nescit
357 387 427 469 quid
449 387 566 460 hebeat,
586 389 659 449 adeo
679 390 811 468 saplutus
827 397 888 463 est3
908 389 958 450 sed
980 390 1053 450 haec
1074 389 1199 469 lupatria

25 531 26 540 ,
127 477 267 557 providet
290 475 390 537 omnia
405 480 436 535 et
455 474 506 534 ubi
521 491 583 535 non
599 481 695 554 putes.
742 483 788 534 est
809 474 895 546 sicco,
917 473 1025 545 sobria,
1048 473 1196 536 bonorum

25 609 26 638 ,
127 562 323 638 consiliorum
338 563 462 638 [tantum
478 559 542 621 auri
557 559 658 636 videsl,
681 568 728 620 est
748 567 850 620 tamen
872 561 966 621 malae
986 560 1112 640 linguae,
1134 559 1197 640 pica

25 691 26 722 ,
94 668 109 716 s
128 645 302 728 pulvinaris.
327 662 417 725 quem
431 651 519 722 amat,
537 651 631 717 amal3
647 663 737 724 quem
753 663 814 708 non
830 653 918 718 amat,
940 665 1001 706 non
1017 653 1105 708 emet.
1136 645 1199 726 ipse

25 725 26 748 ³
127 731 310 794 Trimalchio
332 731 442 794 fundos
463 729 560 802 habet,
587 748 644 808 qua
659 731 740 792 milvi
760 733 869 802 volent,
893 749 1086 793 nummorum
1107 747 1198 793 num-

128 837 205 879 mos.
237 825 394 895 argentum
409 816 441 876 in
457 815 570 877 ostiarii
585 815 664 876 illius
680 816 750 876 celle
762 817 828 896 plns
840 817 923 886 iacet,
940 835 1028 897 quam
1041 817 1198 897 quisquam

128 905 159 965 in
175 902 308 964 fortunis
319 901 416 963 habet.
439 900 550 962 familia
567 920 635 962 vero
648 900 738 962 babae
753 903 854 980 babae,
871 921 932 964 non
945 903 1130 964 mehercules
1142 923 1199 984 pu-

25 1021 26 1050 r
129 991 160 1050 lo
174 989 329 1049 decumam
345 995 460 1066 partem
477 1005 542 1048 esse
557 1005 632 1064 queo
644 986 800 1049 dominum
813 1005 899 1050 suum
913 988 1035 1049 noverit.
1065 988 1102 1049 ed
1116 1007 1199 1050 sum·

85 1087 111 1148 to
130 1093 224 1143 mem,
246 1072 381 1152 quemvis
397 1091 432 1131 ex
446 1071 511 1132 istis
526 1071 690 1133 babaecalis
706 1073 737 1134 in
752 1081 837 1134 rutae
852 1073 956 1134 lolium
973 1073 1107 1135 coniciet.
1144 1091 1252 1153 neogg
1294 1071 1296 1076 ’
1361 1099 1364 1105 ’

25 1195 26 1210 .
131 1157 274 1238 estquod
290 1165 377 1236 putes
392 1157 476 1218 illum
491 1157 652 1236 quicquam
668 1175 778 1221 emere.
806 1159 905 1220 omnin
922 1159 1002 1220 domi
1017 1167 1197 1221 nascuntur:

131 1246 207 1317 lena,
230 1243 361 1314 credrae‚
386 1242 481 1323 piper,
503 1243 578 1304 lacto
586 1241 796 1320 gallinaceum,
817 1244 843 1304 si
864 1245 1035 1322 quaesicris,
1057 1244 1200 1306 invenies.

25 1399 26 1416 χ
132 1331 168 1391 ad
184 1346 345 1396 summam,
363 1345 467 1407 parurn
484 1327 525 1388 illi
539 1327 618 1388 bona
633 1328 699 1392 lane
713 1329 906 1402 nascebatur3
922 1331 1028 1391 arietes
1043 1350 1058 1391 a
1071 1330 1201 1392 Tarento

25 1453 26 1456 =
132 1415 208 1476 emit
223 1423 254 1476 et
269 1413 447 1474 testiculavit
461 1413 493 1474 iu
501 1431 629 1492 gregem.
662 1416 720 1475 mel
730 1415 861 1476 Atticum
880 1423 914 1477 ut
926 1415 1006 1476 domi
1018 1425 1200 1488 nasceretur,

25 1547 26 1586 3
88 1505 115 1553 15
132 1519 203 1580 apes
218 1498 256 1560 ab
272 1498 395 1560 Athenis
417 1498 503 1559 iussit
524 1498 636 1570 afferri,
660 1499 756 1561 obiter
778 1510 807 1561 et
828 1503 1001 1564 vernaculae
1021 1519 1098 1580 quae
1120 1509 1200 1571 suut,

25 1603 26 1640 t
132 1583 326 1648 meliusculae
346 1604 362 1645 a
382 1582 535 1645 Graeculis
555 1581 638 1644 [ient.
668 1605 735 1646 eone
754 1587 832 1648 intra
854 1590 909 1649 bos
930 1586 992 1647 dies
1013 1585 1139 1666 scripsit.
1168 1593 1201 1648 ut
1222 1579 1225 1586 ’

25 1649 27 1698 l
59 1682 62 1688 '
131 1671 172 1732 illi
188 1690 225 1732 ex
239 1669 324 1730 ludia
339 1687 444 1730 semen
458 1669 627 1730 boletorum
643 1671 821 1734 mitteretur.
852 1691 921 1733 nam
943 1672 1055 1732 mulam
1080 1671 1201 1751 quidem

25 1795 26 1804 ¹
132 1757 245 1817 nullam
261 1753 358 1826 habet,
374 1773 458 1833 puae
478 1771 540 1815 non
555 1773 591 1814 ex
605 1773 716 1832 onagro
732 1765 802 1818 nete
818 1758 864 1818 sit.
896 1756 978 1817 vides
999 1764 1045 1818 tot
1063 1757 1199 1818 culcitas:

132 1841 213 1903 nulla
235 1857 298 1902 non
320 1848 372 1901 aut
392 1839 608 1917 conchyliatum
635 1849 685 1902 aot
710 1843 883 1904 coccineum
909 1850 1079 1903 tomentum
1103 1841 1200 1903 habet.

25 1991 26 2002 ,
88 1941 116 1992 to
133 1935 217 1990 tenta
231 1932 280 2011 est
295 1925 387 1986 enimi
401 1925 563 1987 beatitudo.
593 1926 725 2005 rehquos
741 1936 842 1989 autem
857 1927 1026 1989 collibertos
1046 1927 1111 1989 eins
1132 1945 1201 1990 cave

133 2022 320 2074 contemnas.
350 2011 433 2072 velde
452 2010 566 2072 sucossi
589 2021 669 2073 sunt.
699 2012 783 2074 vides
806 2015 888 2076 illum
912 2013 961 2093 qui
984 2013 1097 2074 inimo
1120 2013 1200 2075 imus

132 2095 298 2160 recumbit:
315 2095 403 2157 hodie
419 2116 470 2158 sue
487 2096 657 2176 octingenta
672 2099 811 2177 possidet.
843 2100 880 2161 de
892 2098 986 2160 nihilo
999 2099 1099 2159 crevit.
1113 2099 1201 2160 modo

25 2205 26 2210 ¹
134 2183 251 2245 solebat
266 2182 340 2244 collo
357 2200 411 2244 suo
427 2182 505 2261 ligna
521 2191 648 2261 portare.
679 2185 732 2244 sed
747 2186 898 2262 quomodo
914 2183 1072 2246 dicunt-
1088 2203 1141 2262 ego
1154 2183 1202 2244 ni-

133 2269 173 2332 hil
195 2268 269 2338 scio,
290 2268 343 2329 sed
365 2267 518 2330 audivi-
541 2286 633 2348 quom
661 2267 806 2340 lnouboni
827 2270 947 2350 pilleum
968 2269 1129 2349 rapuisset,
1153 2271 1199 2348 [et]

89 2371 117 2421 25
134 2355 310 2416 thesaurum
324 2352 448 2415 invenit.
478 2371 533 2430 ego
548 2353 661 2416 nemini
676 2354 806 2426 invideo,
821 2355 934 2435 siquid
950 2353 1130 2416 deusdedit.
1158 2364 1202 2416 est

135 2449 236 2502 tomen
252 2438 308 2499 sub
324 2439 407 2517 alapa
423 2448 453 2500 et
468 2455 530 2500 oon
548 2441 608 2500 vult
630 2439 688 2500 sibi
711 2441 796 2501 mele.
825 2442 927 2519 itaque
945 2440 1082 2520 proxime
1104 2457 1201 2501 oasam

135 2527 192 2587 hoc
206 2524 295 2586 titulo
310 2523 500 2605 proscripsit:
524 2526 574 2586 “C.
592 2525 750 2603 Pompeius
766 2526 911 2604 Diogenes
922 2544 957 2585 ex
972 2523 1104 2585 kalendis
1118 2522 1201 2585 iuliis

136 2609 312 2672 cenaculum
327 2609 419 2682 locat3
440 2610 503 2689 ipse
520 2609 600 2671 enim
616 2609 740 2670 domum
756 2610 857 2671 emit.”
894 2611 964 2688 quid
980 2609 1030 2670 ille
1045 2609 1096 2687 qui
1110 2607 1202 2670 liber-

135 2697 189 2756 tini
205 2696 272 2757 looo
287 2693 371 2766 iacet,
394 2713 483 2774 quem
503 2693 581 2756 bene
602 2714 634 2755 se
648 2695 759 2756 hebuit.
789 2713 849 2756 non
869 2695 1040 2774 impropero
1055 2693 1106 2754 illi.
1137 2712 1203 2755 ses-

92 2796 121 2847 to
137 2781 263 2842 tertium
286 2799 375 2841 suum
396 2779 467 2842 vidit
487 2780 595 2852 decies,
612 2781 665 2840 sed
680 2783 757 2842 mele
772 2780 922 2842 vacillavit.
953 2799 1013 2842 non
1029 2787 1101 2859 puto
1117 2778 1200 2840 illum

136 2866 258 2946 capillos
272 2864 382 2926 liberos
397 2865 516 2934 babere,
531 2883 588 2926 nec
602 2866 787 2927 mehercules
798 2885 852 2927 sue
864 2867 964 2945 culpata
978 2865 1042 2945 ipso
1055 2865 1134 2926 enim
1147 2864 1201 2925 ho·
1274 2873 1277 2881 “

136 2971 185 3012 mo
201 2949 308 3012 melior
322 2967 386 3011 non
401 2959 462 3024 est3
477 2950 530 3011 sed
546 2951 643 3012 liberti
658 2951 802 3020 scelerati,
822 2951 874 3030 qui
893 2951 993 3013 omnia
1008 2951 1044 3011 ad
1067 2970 1101 3011 se
1122 2950 1201 3011 lece-

38 3083 41 3092 .
136 3044 220 3098 runt.
249 3035 325 3098 scito
341 3043 456 3097 eutem:
479 3036 630 3098 sociorum
646 3037 702 3098 olla
716 3038 794 3100 mele
810 3041 913 3107 lervel,
935 3044 965 3097 et
979 3034 1031 3097 ubi
1046 3035 1140 3097 semel
1154 3052 1202 3096 res

137 3122 279 3184 inclinata
295 3128 350 3193 est,
366 3121 453 3183 amici
468 3121 504 3182 de
520 3121 629 3182 medio.
656 3129 686 3182 et
698 3141 786 3200 quem
799 3123 956 3183 honestam
969 3121 1202 3200 negotiationem

94 3225 121 3277 35
139 3206 277 3278 exercuit,
293 3207 373 3285 quod
388 3207 472 3269 illum
487 3207 531 3268 sic
545 3207 636 3268 vides.
666 3206 843 3269 libitinarios
859 3208 924 3268 luit.
954 3208 1068 3269 solebat
1088 3208 1130 3269 sic
1149 3227 1202 3269 ce·
1261 3249 1263 3254 -

39 3341 43 3351 .
138 3310 218 3364 nare,
233 3292 387 3370 quomodo
401 3310 469 3354 rex:
483 3311 572 3371 apros
588 3301 775 3371 gausapatos‚
796 3311 886 3371 opera
901 3292 1033 3372 pistoria,
1055 3293 1127 3363 avis,
1148 3311 1202 3353 on-

139 3397 197 3451 cos,
214 3377 351 3456 pistores.
382 3378 448 3456 plus
468 3377 528 3438 viui
549 3376 605 3438 sub
622 3397 726 3440 mensa
749 3377 964 3455 effundebatur,
987 3396 1075 3456 qrram
1097 3379 1208 3459 aliquis·

139 3464 169 3524 iu
185 3463 257 3524 cella
272 3462 370 3524 hebet.
402 3463 568 3541 phantasia,
591 3481 654 3524 non
668 3465 770 3524 homo.
798 3463 950 3524 inclinatis
970 3482 1090 3544 quoque
1110 3466 1202 3527 rebus

140 3547 210 3620 suis,
234 3565 303 3610 eum
322 3547 442 3610 timeret
462 3567 501 3610 ne
516 3547 678 3610 creditores
694 3549 777 3611 illum
793 3549 971 3611 conturbare
991 3548 1202 3622 existimarent,

207 3699 369 3765 leuputeria
381 3699 513 3751 Honorius
526 3699 534 3768 ll
550 3701 580 3753 12
598 3716 672 3752 ceree
686 3701 808 3765 Hcrhsius,
823 3700 923 3752 cedrino
941 3699 1092 3764 rlluooltoros
1106 3701 1114 3769 11
1133 3705 1160 3755 14
1177 3711 1203 3753 et

141 3784 182 3820 eos
195 3768 291 3818 culavit
309 3766 312 3834 l
331 3770 358 3818 15
375 3783 439 3834 quoe
455 3775 514 3819 sunt
533 3767 651 3820 mndata
666 3773 712 3819 orci
728 3785 762 3819 eae
780 3777 885 3836 quaestu
901 3773 1018 3836 corrupta
1031 3769 1085 3836 1122
1105 3771 1204 3823 solebat

141 3836 206 3887 collo
219 3837 292 3886 modo
311 3835 360 3902 l²⁴
374 3838 455 3902 quoru]
470 3839 592 3902 quomodo
605 3835 614 3904 11
629 3838 660 3887 15
678 3838 700 3887 si
714 3853 762 3902 quo
776 3835 785 3903 ll
799 3837 831 3889 ’16
849 3839 941 3899 cosam]
959 3853 1013 3888 cum
1028 3838 1037 3906 ll
1051 3841 1084 3893 36
1102 3841 1143 3892 vis
1161 3858 1204 3892 co·

141 3921 190 3956 cos.
204 3903 302 3956 videtur
311 3909 369 3972 post
381 3904 438 3956 evis
450 3905 549 3971 aliquid
556 3907 665 3974 pectes
678 3903 686 3973 ΙΙ
701 3907 730 3957 31
746 3906 888 3973 piscatores
900 3907 1019 3958 Heinsius
1134 3953 1136 3958 .
