2860 4340
725 125 876 182 cannino

411 300 495 361 quae,
511 288 594 361 puto,
609 283 645 344 da
661 292 787 362 quaestu
802 283 894 347 libera
909 285 985 346 iacta
1001 303 1055 346 suo
1072 294 1126 361 est,

369 367 460 445 cingit
475 367 608 430 inaurata
622 387 732 448 penem
747 369 810 443 tibi,
826 379 936 442 sancte,
953 389 1079 433 corona:

409 453 490 515 hunc
504 454 638 533 pathicae
654 455 765 516 summi
779 457 916 519 numinis
929 457 1024 519 instar
1039 458 1159 521 habent.

734 619 856 683 xxxxi

368 720 509 801 Quisquis
524 722 638 785 venerit
652 721 720 799 huc,
736 736 823 806 poeta
838 727 889 788 fiat

368 814 398 866 ct
410 824 511 870 versus
527 807 599 869 mihi
614 808 729 872 dedicet
744 811 870 874 iocosos.

368 892 495 971 quinon
512 895 623 966 fecerit,
641 895 718 958 inter
733 897 866 959 eruditos

366 976 559 1041 ficosissimus
574 980 705 1044 ambulet
720 993 833 1064 poetas.

726 1156 860 1221 xxxxii

365 1253 474 1319 Laetus
489 1257 672 1339 Aristagoras
688 1259 765 1322 natis
780 1263 857 1324 bene
874 1263 974 1326 vilicus
989 1266 1054 1328 uvis

409 1343 446 1406 de
462 1363 525 1406 cera
542 1345 620 1406 facta
636 1346 685 1408 dat
701 1347 753 1407 tibi
768 1367 865 1428 poma,
881 1350 965 1412 deus.
1016 1397 1019 1402 -

368 1435 399 1488 at
414 1436 446 1489 tu
462 1430 569 1491 sacrati
584 1439 742 1494 contentus
757 1434 884 1515 imagine
901 1436 981 1515 pomi

408 1515 455 1576 iac
471 1535 556 1578 veros
570 1516 684 1580 fructus
700 1519 757 1594 iile,
773 1519 887 1602 Priape,
901 1525 986 1585 ferat.

716 1683 865 1748 xxxxrn

363 1778 461 1845 Nolite
476 1783 585 1858 omnia,
601 1806 676 1866 quae
691 1788 806 1870 loquor,
821 1800 927 1872 putare
972 1839 975 1844 -

363 1886 417 1947 per
431 1870 531 1932 lusum
547 1873 620 1933 mihi
634 1892 687 1952 per
702 1875 861 1958 iocumque
877 1879 942 1940 dici.

363 1953 528 2032 deprensos
544 1977 596 2037 ego
612 1967 659 2020 ter
671 1971 834 2042 quaterque
850 1964 932 2026 sures

363 2056 478 2114 omnes,
494 2059 533 2102 ne
548 2043 701 2116 dubitetis,
717 2047 878 2110 irrumabo.

713 2232 876 2298 XXXXHH

366 2328 445 2392 Velle
458 2331 527 2409 quid
540 2334 617 2396 hanc
628 2333 718 2408 dicas,
731 2340 866 2418 quamvis
878 2339 934 2401 sim
947 2340 1071 2419 ligneus,
1090 2344 1216 2421 hastam,

369 2425 382 2436 '
408 2419 508 2482 oscula
524 2420 577 2481 dat·
589 2422 687 2483 medio
704 2423 728 2484 si
743 2443 801 2504 qua
815 2426 911 2505 puelia
926 2425 1022 2494 mihi?

366 2520 478 2581 augure
494 2523 555 2567 non
571 2525 645 2586 opus
662 2517 721 2570 est:
739 2511 780 2570 ‘in
796 2511 853 2573 me’
870 2513 942 2574 mihi
955 2515 1077 2590 credite,
1094 2516 1168 2578 dixit

407 2593 520 2653 ‘utetur
535 2595 611 2654 veris
627 2595 738 2657 viribus
754 2597 837 2659 hasta
850 2597 952 2660 rudis!

728 2739 860 2814 XXXXV

364 2844 438 2906 Cum
453 2846 602 2927 quendam
617 2849 729 2930 rigidus
745 2854 818 2916 daus
834 2855 946 2920 videret

362 2929 490 2993 ferventi
506 2944 595 3015 caput
610 2938 741 3000 ustulare
755 2940 846 3016 ferro,

362 3024 396 3077 ut
411 3016 528 3082 Maurae
543 3022 646 3093 similis
662 3025 738 3087 foret
752 3027 877 3106 puellae,

363 3101 456 3164 ‘heus’
472 3105 569 3187 inquit
585 3107 648 3171 ‘tibi
663 3110 798 3186 dicimus,
816 3113 947 3191 cinaede,

363 3205 432 3250 uras
446 3198 477 3251 te
492 3192 560 3255 licat
574 3213 669 3274 usque
685 3205 895 3280 torquemque,

362 3291 436 3335 num
451 3279 571 3340 tandem
587 3280 716 3359 priores
731 3283 836 3362 puella,
853 3305 972 3364 quaeso,

362 3376 452 3437 quam
467 3373 547 3438 sunt,
564 3367 696 3430 mentula
712 3387 787 3450 quos
802 3369 900 3444 habet,
916 3367 1040 3453 capiliii'
1061 3449 1066 3460 ι

717 3541 863 3606 xxxxii

361 3635 386 3697 Ο
403 3656 465 3700 non
479 3642 634 3706 candidior
647 3647 743 3725 puella
758 3647 870 3727 Mauro,

254 3771 468 3788 *uu-.—

303 3807 412 3862 XXXX
425 3812 440 3862 2
469 3820 514 3865 uta
525 3814 606 3866 come
619 3815 833 3887 Guadfcrbytaaus
845 3820 854 3890 ss
867 3821 995 3875 xxxxn
1007 3823 1022 3874 2
1035 3839 1104 3892 cora,
1118 3823 1200 3892 fundi,
1212 3828 1255 3879 dat
1267 3831 1319 3879 tau·

251 3876 326 3946 tacti
338 3830 490 3932 xxxxiiii
502 3881 519 3934 t
530 3884 620 3934 usibus
