2860 4340
236 168 278 232 81
692 163 848 218 rnrnonn

349 330 394 384 est
410 323 491 382 lavor
504 321 536 382 in
552 320 657 400 pretio.
692 320 814 382 senibus
829 337 948 399 quoque
963 318 1056 380 libem
1071 320 1164 381 virtus
1323 327 1372 378 Lo

349 407 506 480 exciderat,
521 406 692 486 sparsisque
707 405 813 485 opibus
827 423 971 466 conversa
985 413 1115 484 potestas

348 495 472 573 ipsaque
488 493 626 560 maiestas
639 512 712 554 auro
728 499 867 570 corrupta
884 491 1007 554 iacebat.

298 593 331 642 45
348 579 467 660 pellitur
482 598 498 639 a
514 580 623 658 populo
639 578 733 640 uetus
750 578 837 651 Cato;
853 577 966 638 tristior
981 577 1029 639 ille
1045 585 1098 648 est

349 665 400 745 qui
414 663 491 738 vicit,
505 665 660 744 fascesque
672 664 765 742 pudet
779 663 915 742 rapuisse
930 663 1042 724 Catoni.

349 751 589 831 namque-hoc
597 749 748 812 dedecoris
760 748 870 828 populo
879 767 1057 828 morumque
1063 747 1200 810 ruina-

348 855 412 898 non
427 837 517 897 homo
532 837 636 916 pulsus
651 842 724 908 erat,
740 834 840 896 sedin
854 853 915 896 uno
932 834 1007 896 victa
1020 843 1152 913 potestas

349 922 579 1001 Romanumque
596 921 695 984 decus.
728 928 896 1000 quereum
912 920 1026 1000 perdita
1041 921 1136 982 Roma

298 1024 330 1074 55
347 1007 412 1088 ipsa
428 1008 475 1070 sui
491 1025 606 1070 merces
621 1014 685 1068 erat
699 1014 730 1068 et
744 1006 810 1068 sine
824 1006 940 1068 vindice
954 1007 1072 1085 praeda.

347 1100 500 1173 praeterea
513 1093 633 1172 gemino
648 1093 827 1172 deprensam
842 1092 956 1171 gurgite
970 1093 1087 1174 plebem

347 1177 476 1240 faenoris
491 1179 606 1240 illuvies
622 1197 758 1258 ususque
774 1178 911 1240 exederat
926 1178 1013 1240 aeris.

279 1291 283 1306 ι
347 1264 428 1328 nulla
443 1273 489 1328 cst
504 1272 585 1326 certa
600 1264 719 1335 domus,
734 1265 850 1326 nullum
866 1264 933 1326 sine
943 1264 1067 1342 pignore
1079 1282 1197 1345 corpus,

347 1350 400 1410 sed
415 1350 506 1413 veluti
521 1350 605 1412 tabes
619 1349 717 1412 tacitis
732 1358 875 1429 concepta
890 1349 1028 1412 medullis

298 1448 329 1498 55
347 1435 426 1496 intra
442 1435 574 1498 membra
589 1436 693 1498 furens
709 1436 788 1498 curis
803 1435 978 1498 latrantibus
994 1444 1082 1498 errat

347 1539 429 1582 arma
444 1523 561 1601 placent
576 1521 701 1593 miseris,
717 1521 885 1600 detritaque
900 1522 1058 1583 commoda
1072 1523 1143 1583 luxu

347 1607 517 1672 vulneribus
531 1615 720 1687 reparantur.
754 1607 842 1686 inops
857 1607 978 1668 audacia
993 1615 1056 1668 tuta
1071 1615 1125 1669 est.

347 1693 404 1754 hoc
419 1711 549 1754 mersam
566 1713 657 1756 caeno
673 1694 799 1754 Romam
814 1711 980 1774 somnoque
993 1693 1140 1755 iacentem

347 1796 422 1858 quae
438 1786 578 1858 poterant
591 1788 670 1842 artes
684 1797 755 1842 sana
771 1779 886 1840 ratione
902 1797 1031 1851 movere,

295 1878 327 1928 55
347 1865 378 1924 51
393 1865 476 1924 luror
492 1872 520 1925 et
534 1863 645 1926 bellum
661 1865 799 1944 ferroque
813 1865 904 1926 excita
920 1861 1033 1926 libido?

388 1958 449 2010 tres
465 1950 571 2012 tulerat
586 1950 717 2012 Fortuna
733 1951 835 2023 duces,
851 1969 924 2031 quos
940 1949 1039 2012 obruit
1054 1968 1160 2010 omues

346 2053 497 2096 armorum
512 2043 595 2098 strue
611 2035 725 2096 diversa
740 2035 840 2097 feralis
856 2037 947 2113 Enyo.

346 2120 487 2181 Crassum
495 2121 621 2184 Parthus
630 2121 730 2193 hahet,
746 2119 852 2198 Libyco
861 2120 934 2182 iacet
943 2139 1073 2199 aequore
1081 2119 1214 2196 Magnus,

347 2205 438 2268 lulius
454 2206 601 2284 ingratam
617 2205 749 2285 perfudit
764 2206 910 2284 sanguine
925 2206 1062 2277 Romam,

296 2308 328 2359 55
347 2300 377 2353 51
393 2291 477 2372 quasi
493 2310 554 2353 non
570 2299 675 2372 posset
689 2301 734 2353 tot
749 2291 836 2353 tellus
849 2292 930 2352 ferre
946 2291 1096 2370 sepulcra·
1117 2335 1122 2344 ·

347 2377 444 2439 divisit
460 2377 582 2441 cineres.
606 2378 660 2440 hos
676 2377 766 2456 gloria
782 2376 880 2438 reddit
895 2377 1033 2438 honores.

390 2472 435 2526 est
449 2463 531 2525 locus
547 2464 645 2526 exciso
660 2463 779 2543 penitus
791 2463 946 2526 demersus
962 2462 1045 2525 hiatu

346 2548 555 2630 Parthenopen
570 2550 649 2614 inter
664 2567 846 2629 magnaeque
860 2548 1048 2611 Dicarchidos
1064 2567 1140 2616 arra,
1219 2589 1221 2596 ,

347 2635 445 2716 Cocyti
460 2637 599 2716 perfusus
612 2655 701 2716 aqua;
717 2654 787 2696 nam
803 2634 934 2714 spiritus,
952 2641 1034 2696 extra

296 2741 328 2790 td
347 2721 398 2801 qui
414 2722 486 2784 furit
501 2723 619 2795 ellusus,
635 2722 752 2784 funesto
769 2721 917 2799 spargitur
932 2728 1025 2782 aestu.
1082 2781 1085 2786 .

346 2824 407 2868 non
424 2808 496 2867 haec
511 2813 655 2870 autumno
671 2806 757 2868 tellus
773 2805 847 2868 viret
863 2812 914 2868 aut
925 2804 976 2866 alit
991 2804 1097 2867 herbas

347 2891 476 2971 caespite
492 2893 585 2954 laetus
601 2910 679 2971 ager,
695 2909 758 2954 non
775 2909 863 2953 verno
880 2909 1008 2969 persona
1023 2899 1111 2952 cantu

347 2977 446 3038 mollia
463 2977 594 3042 discordi
609 2977 738 3057 strepitu
754 2976 879 3056 virgulta
894 2977 1042 3042 locuntur.

347 3063 397 3124 sed
413 3063 502 3125 chaos
519 3072 548 3125 et
563 3064 647 3143 nigro
664 3063 828 3144 squalentia
843 3061 961 3142 pumice
975 3081 1042 3124 saxa

297 3164 328 3214 15
347 3148 476 3227 gaudent
492 3149 574 3212 ferali
591 3151 701 3212 circum
717 3150 862 3212 tumulato
878 3166 1031 3226 cupressu.

346 3235 399 3296 lias
416 3234 494 3296 inter
505 3237 591 3298 sedes
606 3236 681 3298 Ditis
697 3243 781 3313 paler
797 3233 901 3296 extulit
916 3252 967 3294 ora

346 3321 503 3382 bustorum
520 3321 646 3385 llammis
663 3328 692 3382 ot
707 3337 779 3382 cana
794 3337 897 3397 sparsa
911 3318 1017 3388 favilla,

347 3425 381 3466 55
394 3405 445 3468 tali
461 3407 611 3468 volucrem
626 3402 787 3466 Fortunam
805 3421 876 3464 voce
892 3403 1026 3464 lacessit:

347 3497 469 3552 “rerum
485 3493 684 3555 humanarum
699 3489 927 3565 divinarumque
941 3496 1081 3567 potestas,

296 3580 328 3631 80
346 3575 430 3646 Fora,
447 3577 494 3638 cui
510 3577 590 3638 nulla
607 3577 702 3656 placet
717 3574 845 3636 nimium
859 3590 963 3634 secura
977 3579 1119 3651 potestas,

346 3681 421 3742 quac
437 3680 513 3723 nova
530 3681 647 3742 semper
662 3679 743 3721 amas
760 3667 789 3720 et
805 3676 872 3718 mox
889 3675 1026 3735 possessa
1041 3650 1198 3737 relinquis

301 3855 436 3908 555555
448 3851 660 3919 5555555551
681 3853 709 3902 51
728 3847 829 3914 gurgite
844 3845 1033 3926 1155555155
1052 3812 1160 3914 555εέ1
1175 3847 1208 3900 cs
1221 3850 1301 3900 tenu

233 3934 273 3981 151
290 3923 425 3978 Borraousis
438 3922 446 3991 11
461 3925 492 3974 69
511 3923 618 3989 Cocytia
632 3920 641 3987 11
655 3923 682 3974 ll
692 3921 814 3986 sortasse
826 3922 897 3978 viget
