<?xml version="1.0" encoding="UTF-8"?>
<!DOCTYPE html PUBLIC "-//W3C//DTD XHTML 1.0 Transitional//EN"
    "http://www.w3.org/TR/xhtml1/DTD/xhtml1-transitional.dtd">
<html xmlns="http://www.w3.org/1999/xhtml" xml:lang="en" lang="en">
 <head>
  <title>
</title>
<meta http-equiv="Content-Type" content="text/html;charset=utf-8" />
  <meta name='ocr-system' content='tesseract 3.04.00' />
  <meta name='ocr-capabilities' content='ocr_page ocr_carea ocr_par ocr_line ocrx_word'/>
</head>
<body>
  <div class='ocr_page' id='page_1' title='image "./satiraeetliberp00buecgoog_0046.png"; bbox 0 0 2864 4344; ppageno 0'>
   <div class='ocr_carea' id='block_1_1' title="bbox 551 163 1202 228">
    <p class='ocr_par' dir='ltr' id='par_1_1' title="bbox 551 163 1202 228">
     <span class='ocr_line' id='line_1_1' title="bbox 551 163 1202 228; baseline 0.009 -8"><span class='ocrx_word' id='word_1_1' title='bbox 551 217 552 220; x_wconf 74' lang='grc'>,</span> <span class='ocrx_word' id='word_1_2' title='bbox 604 163 746 220; x_wconf 69' lang='lat' dir='ltr'>sabinen</span> <span class='ocrx_word' id='word_1_3' title='bbox 1163 165 1202 228; x_wconf 83' lang='grc'>35</span> 
     </span>
    </p>
   </div>
   <div class='ocr_carea' id='block_1_2' title="bbox 27 335 1257 3764">
    <p class='ocr_par' dir='ltr' id='par_1_2' title="bbox 91 335 1257 592">
     <span class='ocr_line' id='line_1_2' title="bbox 91 335 1257 420; baseline 0.002 -26"><span class='ocrx_word' id='word_1_4' title='bbox 91 345 116 394; x_wconf 80' lang='lat' dir='ltr'>u</span> <span class='ocrx_word' id='word_1_5' title='bbox 210 335 215 420; x_wconf 83' lang='grc' dir='ltr'>Ι</span> <span class='ocrx_word' id='word_1_6' title='bbox 235 339 315 418; x_wconf 90' lang='lat' dir='ltr'>quod</span> <span class='ocrx_word' id='word_1_7' title='bbox 328 338 438 400; x_wconf 87' lang='lat' dir='ltr'>autem&#39;</span> <span class='ocrx_word' id='word_1_8' title='bbox 450 338 704 419; x_wconf 84' lang='lat' dir='ltr'>inquit‘pularnus</span> <span class='ocrx_word' id='word_1_9' title='bbox 713 338 986 400; x_wconf 88' lang='lat' dir='ltr'>secundumliteras</span> <span class='ocrx_word' id='word_1_10' title='bbox 999 337 1202 400; x_wconf 82' lang='lat' dir='ltr'>difficillimum</span> <span class='ocrx_word' id='word_1_11' title='bbox 1216 335 1257 396; x_wconf 84' lang='grc'>56</span> 
     </span>
     <span class='ocr_line' id='line_1_3' title="bbox 130 420 1203 504; baseline 0 -17"><span class='ocrx_word' id='word_1_12' title='bbox 130 445 202 487; x_wconf 89' lang='lat' dir='ltr'>csse</span> <span class='ocrx_word' id='word_1_13' title='bbox 217 420 399 486; x_wconf 78' lang='lat' dir='ltr'>artificium?</span> <span class='ocrx_word' id='word_1_14' title='bbox 426 443 480 503; x_wconf 88' lang='lat' dir='ltr'>ego</span> <span class='ocrx_word' id='word_1_15' title='bbox 495 434 568 504; x_wconf 89' lang='lat' dir='ltr'>puto</span> <span class='ocrx_word' id='word_1_16' title='bbox 585 423 732 486; x_wconf 90' lang='lat' dir='ltr'>medicum</span> <span class='ocrx_word' id='word_1_17' title='bbox 749 431 779 485; x_wconf 89' lang='lat' dir='ltr'>et</span> <span class='ocrx_word' id='word_1_18' title='bbox 794 424 1044 486; x_wconf 90' lang='lat' dir='ltr'>nummularium:</span> <span class='ocrx_word' id='word_1_19' title='bbox 1062 424 1203 498; x_wconf 88' lang='lat' dir='ltr'>medicus,</span> 
     </span>
     <span class='ocr_line' id='line_1_4' title="bbox 129 509 1203 592; baseline -0.002 -20"><span class='ocrx_word' id='word_1_20' title='bbox 129 512 184 592; x_wconf 93' lang='lat' dir='ltr'>qui</span> <span class='ocrx_word' id='word_1_21' title='bbox 201 511 257 572; x_wconf 89' lang='lat' dir='ltr'>soit</span> <span class='ocrx_word' id='word_1_22' title='bbox 270 510 342 590; x_wconf 90' lang='lat' dir='ltr'>quid</span> <span class='ocrx_word' id='word_1_23' title='bbox 353 511 572 574; x_wconf 89' lang='lat' dir='ltr'>homunciones</span> <span class='ocrx_word' id='word_1_24' title='bbox 585 509 662 572; x_wconf 88' lang='lat' dir='ltr'>intra</span> <span class='ocrx_word' id='word_1_25' title='bbox 675 511 848 590; x_wconf 89' lang='lat' dir='ltr'>praecordia</span> <span class='ocrx_word' id='word_1_26' title='bbox 860 529 914 575; x_wconf 91' lang='lat' dir='ltr'>sua</span> <span class='ocrx_word' id='word_1_27' title='bbox 927 509 1054 574; x_wconf 79' lang='lat' dir='ltr'><strong>habeant</strong></span> <span class='ocrx_word' id='word_1_28' title='bbox 1066 518 1096 572; x_wconf 91' lang='lat' dir='ltr'>et</span> <span class='ocrx_word' id='word_1_29' title='bbox 1107 527 1203 589; x_wconf 90' lang='lat' dir='ltr'>quan-</span> 
     </span>
    </p>

    <p class='ocr_par' dir='ltr' id='par_1_3' title="bbox 27 595 1205 677">
     <span class='ocr_line' id='line_1_5' title="bbox 27 595 1205 677; baseline -0.001 -19"><span class='ocrx_word' id='word_1_30' title='bbox 27 603 28 608; x_wconf 77' lang='grc'>’</span> <span class='ocrx_word' id='word_1_31' title='bbox 129 597 170 658; x_wconf 96' lang='lat' dir='ltr'>do</span> <span class='ocrx_word' id='word_1_32' title='bbox 188 596 281 658; x_wconf 86' lang='lat' dir='ltr'>febris</span> <span class='ocrx_word' id='word_1_33' title='bbox 300 596 414 670; x_wconf 88' lang='lat' dir='ltr'>veniat,</span> <span class='ocrx_word' id='word_1_34' title='bbox 437 597 526 659; x_wconf 90' lang='lat' dir='ltr'>etiam</span> <span class='ocrx_word' id='word_1_35' title='bbox 546 596 573 658; x_wconf 92' lang='lat' dir='ltr'>si</span> <span class='ocrx_word' id='word_1_36' title='bbox 587 596 653 658; x_wconf 92' lang='lat' dir='ltr'>illos</span> <span class='ocrx_word' id='word_1_37' title='bbox 674 596 880 677; x_wconf 67' lang='lat' dir='ltr'>adpessime,</span> <span class='ocrx_word' id='word_1_38' title='bbox 902 598 982 676; x_wconf 93' lang='lat' dir='ltr'>quod</span> <span class='ocrx_word' id='word_1_39' title='bbox 1006 595 1079 658; x_wconf 91' lang='lat' dir='ltr'>mihi</span> <span class='ocrx_word' id='word_1_40' title='bbox 1101 595 1205 663; x_wconf 86' lang='lat' dir='ltr'>iubeat</span> 
     </span>
    </p>

    <p class='ocr_par' dir='ltr' id='par_1_4' title="bbox 95 681 1205 1020">
     <span class='ocr_line' id='line_1_6' title="bbox 95 681 1204 766; baseline -0.004 -19"><span class='ocrx_word' id='word_1_41' title='bbox 95 699 109 747; x_wconf 78' lang='lat'>5</span> <span class='ocrx_word' id='word_1_42' title='bbox 128 701 222 762; x_wconf 88' lang='lat' dir='ltr'>saepe</span> <span class='ocrx_word' id='word_1_43' title='bbox 241 681 393 744; x_wconf 82' lang='lat' dir='ltr'>anatinam</span> <span class='ocrx_word' id='word_1_44' title='bbox 408 683 518 762; x_wconf 87' lang='lat' dir='ltr'>perari;</span> <span class='ocrx_word' id='word_1_45' title='bbox 539 682 768 755; x_wconf 87' lang='lat' dir='ltr'>nummularius,</span> <span class='ocrx_word' id='word_1_46' title='bbox 784 682 835 764; x_wconf 95' lang='lat' dir='ltr'>qui</span> <span class='ocrx_word' id='word_1_47' title='bbox 850 700 905 761; x_wconf 91' lang='lat' dir='ltr'>per</span> <span class='ocrx_word' id='word_1_48' title='bbox 919 689 1079 766; x_wconf 77' lang='lat' dir='ltr'>argentam</span> <span class='ocrx_word' id='word_1_49' title='bbox 1093 701 1143 744; x_wconf 90' lang='lat' dir='ltr'>aes</span> <span class='ocrx_word' id='word_1_50' title='bbox 1159 681 1204 743; x_wconf 91' lang='lat' dir='ltr'>vi-</span> 
     </span>
     <span class='ocr_line' id='line_1_7' title="bbox 130 766 1204 842; baseline 0 -12"><span class='ocrx_word' id='word_1_51' title='bbox 130 770 194 830; x_wconf 83' lang='lat' dir='ltr'>det.</span> <span class='ocrx_word' id='word_1_52' title='bbox 226 787 296 829; x_wconf 91' lang='lat' dir='ltr'>nam</span> <span class='ocrx_word' id='word_1_53' title='bbox 318 775 419 830; x_wconf 87' lang='lat' dir='ltr'>mutae</span> <span class='ocrx_word' id='word_1_54' title='bbox 440 767 552 830; x_wconf 88' lang='lat' dir='ltr'>bestiae</span> <span class='ocrx_word' id='word_1_55' title='bbox 572 766 819 830; x_wconf 79' lang='lat' dir='ltr'>laboriosissimae</span> <span class='ocrx_word' id='word_1_56' title='bbox 839 766 930 830; x_wconf 86' lang='lat' dir='ltr'>boves</span> <span class='ocrx_word' id='word_1_57' title='bbox 946 776 976 829; x_wconf 86' lang='lat' dir='ltr'>et</span> <span class='ocrx_word' id='word_1_58' title='bbox 997 785 1082 829; x_wconf 89' lang='lat' dir='ltr'>oves:</span> <span class='ocrx_word' id='word_1_59' title='bbox 1104 768 1204 842; x_wconf 90' lang='lat' dir='ltr'>boves,</span> 
     </span>
     <span class='ocr_line' id='line_1_8' title="bbox 131 853 1205 934; baseline -0.002 -18"><span class='ocrx_word' id='word_1_60' title='bbox 131 873 265 934; x_wconf 92' lang='lat' dir='ltr'>quorum</span> <span class='ocrx_word' id='word_1_61' title='bbox 280 853 423 916; x_wconf 88' lang='lat' dir='ltr'>beneticio</span> <span class='ocrx_word' id='word_1_62' title='bbox 436 873 545 933; x_wconf 92' lang='lat' dir='ltr'>panem</span> <span class='ocrx_word' id='word_1_63' title='bbox 558 854 790 928; x_wconf 79' lang='lat' dir='ltr'>manducamus3</span> <span class='ocrx_word' id='word_1_64' title='bbox 806 873 886 925; x_wconf 86' lang='lat' dir='ltr'>oves,</span> <span class='ocrx_word' id='word_1_65' title='bbox 902 853 981 934; x_wconf 93' lang='lat' dir='ltr'>quod</span> <span class='ocrx_word' id='word_1_66' title='bbox 993 854 1059 915; x_wconf 89' lang='lat' dir='ltr'>lana</span> <span class='ocrx_word' id='word_1_67' title='bbox 1070 853 1136 914; x_wconf 93' lang='lat' dir='ltr'>illae</span> <span class='ocrx_word' id='word_1_68' title='bbox 1149 873 1205 916; x_wconf 89' lang='lat' dir='ltr'>nos</span> 
     </span>
     <span class='ocr_line' id='line_1_9' title="bbox 131 938 1205 1020; baseline 0.001 -20"><span class='ocrx_word' id='word_1_69' title='bbox 131 940 279 1018; x_wconf 85' lang='lat' dir='ltr'>gloriosos</span> <span class='ocrx_word' id='word_1_70' title='bbox 301 939 424 1002; x_wconf 86' lang='lat' dir='ltr'>faciunt.</span> <span class='ocrx_word' id='word_1_71' title='bbox 463 949 492 1002; x_wconf 92' lang='lat' dir='ltr'>et</span> <span class='ocrx_word' id='word_1_72' title='bbox 511 938 628 1002; x_wconf 86' lang='lat' dir='ltr'>lacinus</span> <span class='ocrx_word' id='word_1_73' title='bbox 648 940 821 1018; x_wconf 84' lang='lat' dir='ltr'>indignum,</span> <span class='ocrx_word' id='word_1_74' title='bbox 843 939 947 1020; x_wconf 93' lang='lat' dir='ltr'>aliquis</span> <span class='ocrx_word' id='word_1_75' title='bbox 968 939 1083 1000; x_wconf 86' lang='lat' dir='ltr'>ovillam</span> <span class='ocrx_word' id='word_1_76' title='bbox 1107 948 1153 1001; x_wconf 90' lang='lat' dir='ltr'>est</span> <span class='ocrx_word' id='word_1_77' title='bbox 1175 947 1205 1002; x_wconf 85' lang='lat' dir='ltr'>et</span> 
     </span>
    </p>

    <p class='ocr_par' dir='ltr' id='par_1_5' title="bbox 27 1024 1204 1277">
     <span class='ocr_line' id='line_1_10' title="bbox 27 1024 1204 1106; baseline 0.005 -24"><span class='ocrx_word' id='word_1_78' title='bbox 27 1091 28 1094; x_wconf 8' lang='grc' dir='ltr'><strong>Ἴ</strong></span> <span class='ocrx_word' id='word_1_79' title='bbox 96 1035 111 1082; x_wconf 83' lang='grc'>9</span> <span class='ocrx_word' id='word_1_80' title='bbox 132 1026 269 1090; x_wconf 88' lang='lat' dir='ltr'>tunicam</span> <span class='ocrx_word' id='word_1_81' title='bbox 279 1025 379 1087; x_wconf 89' lang='lat' dir='ltr'>habet.</span> <span class='ocrx_word' id='word_1_82' title='bbox 410 1044 479 1105; x_wconf 92' lang='lat' dir='ltr'>apes</span> <span class='ocrx_word' id='word_1_83' title='bbox 492 1025 573 1088; x_wconf 91' lang='lat' dir='ltr'>enim</span> <span class='ocrx_word' id='word_1_84' title='bbox 586 1044 639 1104; x_wconf 83' lang='lat' dir='ltr'>ego</span> <span class='ocrx_word' id='word_1_85' title='bbox 651 1026 764 1088; x_wconf 89' lang='lat' dir='ltr'>divinas</span> <span class='ocrx_word' id='word_1_86' title='bbox 775 1024 885 1089; x_wconf 91' lang='lat' dir='ltr'>bestias</span> <span class='ocrx_word' id='word_1_87' title='bbox 897 1034 979 1106; x_wconf 91' lang='lat' dir='ltr'>puto,</span> <span class='ocrx_word' id='word_1_88' title='bbox 993 1041 1068 1105; x_wconf 90' lang='lat' dir='ltr'>quae</span> <span class='ocrx_word' id='word_1_89' title='bbox 1081 1026 1140 1086; x_wconf 90' lang='lat' dir='ltr'>mel</span> <span class='ocrx_word' id='word_1_90' title='bbox 1152 1045 1204 1088; x_wconf 87' lang='lat' dir='ltr'>vo-</span> 
     </span>
     <span class='ocr_line' id='line_1_11' title="bbox 72 1108 1204 1193; baseline 0.002 -23"><span class='ocrx_word' id='word_1_91' title='bbox 72 1119 113 1171; x_wconf 82' lang='lat' dir='ltr'>HL</span> <span class='ocrx_word' id='word_1_92' title='bbox 133 1120 232 1184; x_wconf 83' lang='lat' dir='ltr'>munt,</span> <span class='ocrx_word' id='word_1_93' title='bbox 249 1111 340 1172; x_wconf 87' lang='lat' dir='ltr'>etiarn</span> <span class='ocrx_word' id='word_1_94' title='bbox 356 1111 382 1176; x_wconf 92' lang='lat' dir='ltr'>si</span> <span class='ocrx_word' id='word_1_95' title='bbox 397 1111 538 1175; x_wconf 88' lang='lat' dir='ltr'>dicuntur</span> <span class='ocrx_word' id='word_1_96' title='bbox 552 1111 621 1174; x_wconf 94' lang='lat' dir='ltr'>illud</span> <span class='ocrx_word' id='word_1_97' title='bbox 638 1131 654 1174; x_wconf 91' lang='lat' dir='ltr'>a</span> <span class='ocrx_word' id='word_1_98' title='bbox 669 1111 738 1172; x_wconf 88' lang='lat' dir='ltr'>leve</span> <span class='ocrx_word' id='word_1_99' title='bbox 754 1111 876 1185; x_wconf 82' lang='lat' dir='ltr'>allerre3</span> <span class='ocrx_word' id='word_1_100' title='bbox 901 1108 905 1193; x_wconf 82' lang='grc' dir='ltr'>Ι</span> <span class='ocrx_word' id='word_1_101' title='bbox 925 1110 993 1178; x_wconf 88' lang='lat' dir='ltr'>ideo</span> <span class='ocrx_word' id='word_1_102' title='bbox 1009 1117 1108 1172; x_wconf 85' lang='lat' dir='ltr'>autem</span> <span class='ocrx_word' id='word_1_103' title='bbox 1124 1128 1204 1191; x_wconf 92' lang='lat' dir='ltr'>pun-</span> 
     </span>
     <span class='ocr_line' id='line_1_12' title="bbox 133 1195 1073 1277; baseline 0 -19"><span class='ocrx_word' id='word_1_104' title='bbox 133 1206 221 1276; x_wconf 84' lang='lat' dir='ltr'>gunt,</span> <span class='ocrx_word' id='word_1_105' title='bbox 237 1196 305 1276; x_wconf 90' lang='lat' dir='ltr'>qnia</span> <span class='ocrx_word' id='word_1_106' title='bbox 321 1197 501 1277; x_wconf 90' lang='lat' dir='ltr'>ubicumque</span> <span class='ocrx_word' id='word_1_107' title='bbox 518 1197 603 1260; x_wconf 87' lang='lat' dir='ltr'>dulce</span> <span class='ocrx_word' id='word_1_108' title='bbox 619 1205 673 1270; x_wconf 86' lang='lat' dir='ltr'>est,</span> <span class='ocrx_word' id='word_1_109' title='bbox 688 1197 729 1260; x_wconf 91' lang='lat' dir='ltr'>ibi</span> <span class='ocrx_word' id='word_1_110' title='bbox 745 1203 774 1258; x_wconf 92' lang='lat' dir='ltr'>et</span> <span class='ocrx_word' id='word_1_111' title='bbox 789 1196 907 1260; x_wconf 91' lang='lat' dir='ltr'>acidum</span> <span class='ocrx_word' id='word_1_112' title='bbox 922 1195 1073 1260; x_wconf 80' lang='lat' dir='ltr'>invenies’</span> 
     </span>
    </p>

    <p class='ocr_par' dir='ltr' id='par_1_6' title="bbox 93 1279 1206 1534">
     <span class='ocr_line' id='line_1_13' title="bbox 93 1279 1205 1364; baseline 0.003 -23"><span class='ocrx_word' id='word_1_113' title='bbox 93 1292 116 1341; x_wconf 77' lang='lat' dir='ltr'>ll</span> <span class='ocrx_word' id='word_1_114' title='bbox 211 1279 216 1364; x_wconf 81' lang='lat' dir='ltr'>l</span> <span class='ocrx_word' id='word_1_115' title='bbox 237 1283 296 1344; x_wconf 89' lang='lat' dir='ltr'>iarn</span> <span class='ocrx_word' id='word_1_116' title='bbox 313 1283 402 1346; x_wconf 88' lang='lat' dir='ltr'>etiarn</span> <span class='ocrx_word' id='word_1_117' title='bbox 417 1284 610 1363; x_wconf 91' lang='lat' dir='ltr'>philosophos</span> <span class='ocrx_word' id='word_1_118' title='bbox 625 1283 662 1344; x_wconf 93' lang='lat' dir='ltr'>de</span> <span class='ocrx_word' id='word_1_119' title='bbox 684 1283 803 1362; x_wconf 83' lang='lat' dir='ltr'>negotio</span> <span class='ocrx_word' id='word_1_120' title='bbox 820 1282 978 1355; x_wconf 82' lang='lat' dir='ltr'>deiciebat,</span> <span class='ocrx_word' id='word_1_121' title='bbox 1001 1301 1069 1346; x_wconf 90' lang='lat' dir='ltr'>cum</span> <span class='ocrx_word' id='word_1_122' title='bbox 1087 1281 1205 1360; x_wconf 89' lang='lat' dir='ltr'>pittacia</span> 
     </span>
     <span class='ocr_line' id='line_1_14' title="bbox 131 1367 1205 1449; baseline 0.001 -20"><span class='ocrx_word' id='word_1_123' title='bbox 131 1369 164 1430; x_wconf 92' lang='lat' dir='ltr'>in</span> <span class='ocrx_word' id='word_1_124' title='bbox 181 1369 292 1448; x_wconf 80' lang='lat' dir='ltr'>scypho</span> <span class='ocrx_word' id='word_1_125' title='bbox 309 1369 493 1432; x_wconf 79' lang='lat' dir='ltr'>circumferri</span> <span class='ocrx_word' id='word_1_126' title='bbox 508 1377 680 1448; x_wconf 87' lang='lat' dir='ltr'>coeperunt,</span> <span class='ocrx_word' id='word_1_127' title='bbox 700 1388 834 1449; x_wconf 85' lang='lat' dir='ltr'>puerque</span> <span class='ocrx_word' id='word_1_128' title='bbox 850 1389 942 1449; x_wconf 89' lang='lat' dir='ltr'>super</span> <span class='ocrx_word' id='word_1_129' title='bbox 955 1370 1013 1434; x_wconf 88' lang='lat' dir='ltr'>hoc</span> <span class='ocrx_word' id='word_1_130' title='bbox 1028 1367 1143 1448; x_wconf 89' lang='lat' dir='ltr'>positus</span> <span class='ocrx_word' id='word_1_131' title='bbox 1159 1367 1205 1430; x_wconf 84' lang='lat' dir='ltr'>oi-</span> 
     </span>
     <span class='ocr_line' id='line_1_15' title="bbox 132 1454 1206 1534; baseline 0.003 -20"><span class='ocrx_word' id='word_1_132' title='bbox 132 1454 235 1515; x_wconf 88' lang='lat' dir='ltr'>lieium</span> <span class='ocrx_word' id='word_1_133' title='bbox 257 1455 439 1534; x_wconf 84' lang='lat' dir='ltr'>apophoreta</span> <span class='ocrx_word' id='word_1_134' title='bbox 460 1455 602 1516; x_wconf 89' lang='lat' dir='ltr'>recitavit.</span> <span class='ocrx_word' id='word_1_135' title='bbox 640 1459 806 1534; x_wconf 79' lang='lat' dir='ltr'>‘argentum</span> <span class='ocrx_word' id='word_1_136' title='bbox 828 1454 1028 1518; x_wconf 86' lang='lat' dir='ltr'>sceleratum&#39;:</span> <span class='ocrx_word' id='word_1_137' title='bbox 1053 1455 1138 1516; x_wconf 91' lang='lat' dir='ltr'>allata</span> <span class='ocrx_word' id='word_1_138' title='bbox 1160 1462 1206 1517; x_wconf 89' lang='lat' dir='ltr'>est</span> 
     </span>
    </p>

    <p class='ocr_par' dir='ltr' id='par_1_7' title="bbox 85 1540 1205 1962">
     <span class='ocr_line' id='line_1_16' title="bbox 85 1540 1205 1621; baseline 0 -19"><span class='ocrx_word' id='word_1_139' title='bbox 85 1552 113 1602; x_wconf 88' lang='lat'>15</span> <span class='ocrx_word' id='word_1_140' title='bbox 132 1559 237 1620; x_wconf 89' lang='lat' dir='ltr'>perna,</span> <span class='ocrx_word' id='word_1_141' title='bbox 254 1559 345 1620; x_wconf 82' lang='lat' dir='ltr'>super</span> <span class='ocrx_word' id='word_1_142' title='bbox 361 1560 451 1621; x_wconf 89' lang='lat' dir='ltr'>quam</span> <span class='ocrx_word' id='word_1_143' title='bbox 465 1540 617 1604; x_wconf 90' lang='lat' dir='ltr'>acetabula</span> <span class='ocrx_word' id='word_1_144' title='bbox 634 1549 720 1602; x_wconf 90' lang='lat' dir='ltr'>erant</span> <span class='ocrx_word' id='word_1_145' title='bbox 734 1540 839 1620; x_wconf 87' lang='lat' dir='ltr'>posita.</span> <span class='ocrx_word' id='word_1_146' title='bbox 878 1540 1036 1604; x_wconf 68' lang='lat' dir='ltr'>cervical:</span> <span class='ocrx_word' id='word_1_147' title='bbox 1059 1541 1126 1602; x_wconf 88' lang='lat' dir='ltr'>ollla</span> <span class='ocrx_word' id='word_1_148' title='bbox 1142 1541 1205 1602; x_wconf 92' lang='lat' dir='ltr'>col-</span> 
     </span>
     <span class='ocr_line' id='line_1_17' title="bbox 134 1625 1205 1707; baseline 0.001 -20"><span class='ocrx_word' id='word_1_149' title='bbox 134 1625 205 1688; x_wconf 89' lang='lat' dir='ltr'>laris</span> <span class='ocrx_word' id='word_1_150' title='bbox 221 1625 307 1687; x_wconf 88' lang='lat' dir='ltr'>allata</span> <span class='ocrx_word' id='word_1_151' title='bbox 323 1634 376 1688; x_wconf 91' lang='lat' dir='ltr'>est.</span> <span class='ocrx_word' id='word_1_152' title='bbox 415 1626 564 1707; x_wconf 89' lang='lat' dir='ltr'>‘serisapia</span> <span class='ocrx_word' id='word_1_153' title='bbox 580 1635 610 1688; x_wconf 90' lang='lat' dir='ltr'>et</span> <span class='ocrx_word' id='word_1_154' title='bbox 625 1625 826 1689; x_wconf 86' lang='lat' dir='ltr'>contumelia&#39;:</span> <span class='ocrx_word' id='word_1_155' title='bbox 849 1627 1043 1706; x_wconf 83' lang='lat' dir='ltr'>aecrophagie</span> <span class='ocrx_word' id='word_1_156' title='bbox 1058 1626 1137 1688; x_wconf 88' lang='lat' dir='ltr'>saele</span> <span class='ocrx_word' id='word_1_157' title='bbox 1152 1627 1205 1688; x_wconf 89' lang='lat' dir='ltr'>da-</span> 
     </span>
     <span class='ocr_line' id='line_1_18' title="bbox 134 1709 1205 1792; baseline 0 -20"><span class='ocrx_word' id='word_1_158' title='bbox 134 1720 183 1774; x_wconf 91' lang='lat' dir='ltr'>tae</span> <span class='ocrx_word' id='word_1_159' title='bbox 199 1719 272 1774; x_wconf 89' lang='lat' dir='ltr'>sunt</span> <span class='ocrx_word' id='word_1_160' title='bbox 293 1720 323 1774; x_wconf 90' lang='lat' dir='ltr'>et</span> <span class='ocrx_word' id='word_1_161' title='bbox 346 1721 452 1774; x_wconf 89' lang='lat' dir='ltr'>contus</span> <span class='ocrx_word' id='word_1_162' title='bbox 468 1731 535 1774; x_wconf 88' lang='lat' dir='ltr'>cunr</span> <span class='ocrx_word' id='word_1_163' title='bbox 559 1712 649 1774; x_wconf 89' lang='lat' dir='ltr'>malo.</span> <span class='ocrx_word' id='word_1_164' title='bbox 685 1711 777 1792; x_wconf 64' lang='lat' dir='ltr'>lporri</span> <span class='ocrx_word' id='word_1_165' title='bbox 800 1721 830 1774; x_wconf 91' lang='lat' dir='ltr'>et</span> <span class='ocrx_word' id='word_1_166' title='bbox 849 1709 985 1792; x_wconf 80' lang='lat' dir='ltr'>persica&#39;:</span> <span class='ocrx_word' id='word_1_167' title='bbox 1009 1711 1156 1790; x_wconf 79' lang='lat' dir='ltr'>llagellum</span> <span class='ocrx_word' id='word_1_168' title='bbox 1174 1719 1205 1772; x_wconf 89' lang='lat' dir='ltr'>et</span> 
     </span>
     <span class='ocr_line' id='line_1_19' title="bbox 134 1797 1205 1878; baseline 0.003 -22"><span class='ocrx_word' id='word_1_169' title='bbox 134 1797 265 1859; x_wconf 90' lang='lat' dir='ltr'>cultrum</span> <span class='ocrx_word' id='word_1_170' title='bbox 281 1798 408 1877; x_wconf 66' lang='lat' dir='ltr'>accepim</span> <span class='ocrx_word' id='word_1_171' title='bbox 428 1803 573 1878; x_wconf 88' lang='lat' dir='ltr'>‘passeres</span> <span class='ocrx_word' id='word_1_172' title='bbox 590 1806 621 1861; x_wconf 91' lang='lat' dir='ltr'>et</span> <span class='ocrx_word' id='word_1_173' title='bbox 635 1797 840 1860; x_wconf 81' lang='lat' dir='ltr'>muscarinm’:</span> <span class='ocrx_word' id='word_1_174' title='bbox 863 1816 949 1860; x_wconf 90' lang='lat' dir='ltr'>uvam</span> <span class='ocrx_word' id='word_1_175' title='bbox 965 1815 1082 1875; x_wconf 89' lang='lat' dir='ltr'>passam</span> <span class='ocrx_word' id='word_1_176' title='bbox 1100 1797 1205 1859; x_wconf 90' lang='lat' dir='ltr'>etmel</span> 
     </span>
     <span class='ocr_line' id='line_1_20' title="bbox 134 1881 1204 1962; baseline 0.002 -19"><span class='ocrx_word' id='word_1_177' title='bbox 134 1881 276 1944; x_wconf 75' lang='lat' dir='ltr'>Atticum.</span> <span class='ocrx_word' id='word_1_178' title='bbox 313 1885 472 1947; x_wconf 83' lang='lat' dir='ltr'>‘cenatoria</span> <span class='ocrx_word' id='word_1_179' title='bbox 488 1891 518 1946; x_wconf 90' lang='lat' dir='ltr'>et</span> <span class='ocrx_word' id='word_1_180' title='bbox 531 1882 683 1960; x_wconf 84' lang='lat' dir='ltr'>forensia’:</span> <span class='ocrx_word' id='word_1_181' title='bbox 700 1884 799 1944; x_wconf 88' lang='lat' dir='ltr'>olllam</span> <span class='ocrx_word' id='word_1_182' title='bbox 816 1891 845 1946; x_wconf 90' lang='lat' dir='ltr'>et</span> <span class='ocrx_word' id='word_1_183' title='bbox 860 1883 976 1946; x_wconf 78' lang='lat' dir='ltr'>tabadas</span> <span class='ocrx_word' id='word_1_184' title='bbox 991 1881 1112 1962; x_wconf 90' lang='lat' dir='ltr'>accepit.</span> <span class='ocrx_word' id='word_1_185' title='bbox 1145 1890 1204 1945; x_wconf 86' lang='lat' dir='ltr'>‘ca-</span> 
     </span>
    </p>

    <p class='ocr_par' dir='ltr' id='par_1_8' title="bbox 85 1967 1204 2288">
     <span class='ocr_line' id='line_1_21' title="bbox 85 1967 1203 2052; baseline 0.003 -24"><span class='ocrx_word' id='word_1_186' title='bbox 85 1969 202 2029; x_wconf 81' lang='lat' dir='ltr'>tonale</span> <span class='ocrx_word' id='word_1_187' title='bbox 225 1973 255 2030; x_wconf 87' lang='lat' dir='ltr'>et</span> <span class='ocrx_word' id='word_1_188' title='bbox 275 1969 402 2049; x_wconf 88' lang='lat' dir='ltr'>pedale&#39;:</span> <span class='ocrx_word' id='word_1_189' title='bbox 422 1970 507 2049; x_wconf 88' lang='lat' dir='ltr'>lepus</span> <span class='ocrx_word' id='word_1_190' title='bbox 527 1979 558 2052; x_wconf 89' lang='lat' dir='ltr'>et</span> <span class='ocrx_word' id='word_1_191' title='bbox 578 1969 658 2032; x_wconf 90' lang='lat' dir='ltr'>solea</span> <span class='ocrx_word' id='word_1_192' title='bbox 675 1969 833 2032; x_wconf 81' lang='lat' dir='ltr'>est-allata.</span> <span class='ocrx_word' id='word_1_193' title='bbox 871 1977 1023 2032; x_wconf 87' lang='lat' dir='ltr'>‘muraena</span> <span class='ocrx_word' id='word_1_194' title='bbox 1045 1975 1077 2029; x_wconf 85' lang='lat' dir='ltr'>et</span> <span class='ocrx_word' id='word_1_195' title='bbox 1096 1967 1203 2032; x_wconf 87' lang='lat' dir='ltr'>litera&#39;:</span> 
     </span>
     <span class='ocr_line' id='line_1_22' title="bbox 135 2053 1203 2136; baseline 0 -21"><span class='ocrx_word' id='word_1_196' title='bbox 135 2071 253 2115; x_wconf 89' lang='lat' dir='ltr'>murem</span> <span class='ocrx_word' id='word_1_197' title='bbox 269 2073 337 2116; x_wconf 92' lang='lat' dir='ltr'>cnm</span> <span class='ocrx_word' id='word_1_198' title='bbox 354 2073 425 2118; x_wconf 88' lang='lat' dir='ltr'>rana</span> <span class='ocrx_word' id='word_1_199' title='bbox 441 2055 556 2134; x_wconf 81' lang='lat' dir='ltr'>alligata</span> <span class='ocrx_word' id='word_1_200' title='bbox 571 2056 742 2136; x_wconf 87' lang='lat' dir='ltr'>fascemque</span> <span class='ocrx_word' id='word_1_201' title='bbox 757 2055 842 2117; x_wconf 85' lang='lat' dir='ltr'>betae</span> <span class='ocrx_word' id='word_1_202' title='bbox 858 2057 969 2136; x_wconf 81' lang='lat' dir='ltr'>occepit</span> <span class='ocrx_word' id='word_1_203' title='bbox 1001 2055 1052 2118; x_wconf 93' lang='lat' dir='ltr'>diu</span> <span class='ocrx_word' id='word_1_204' title='bbox 1067 2053 1203 2116; x_wconf 87' lang='lat' dir='ltr'>risimus:</span> 
     </span>
     <span class='ocr_line' id='line_1_23' title="bbox 134 2139 1204 2222; baseline 0.004 -22"><span class='ocrx_word' id='word_1_205' title='bbox 134 2147 274 2202; x_wconf 87' lang='lat' dir='ltr'>sexcenta</span> <span class='ocrx_word' id='word_1_206' title='bbox 298 2139 468 2204; x_wconf 90' lang='lat' dir='ltr'>huiusmodi</span> <span class='ocrx_word' id='word_1_207' title='bbox 497 2141 636 2215; x_wconf 83' lang='lat' dir='ltr'>luerunt,</span> <span class='ocrx_word' id='word_1_208' title='bbox 664 2161 740 2222; x_wconf 90' lang='lat' dir='ltr'>quae</span> <span class='ocrx_word' id='word_1_209' title='bbox 763 2141 822 2204; x_wconf 86' lang='lat' dir='ltr'>iarn</span> <span class='ocrx_word' id='word_1_210' title='bbox 846 2141 1021 2206; x_wconf 89' lang='lat' dir='ltr'>exciderunt</span> <span class='ocrx_word' id='word_1_211' title='bbox 1042 2140 1204 2204; x_wconf 88' lang='lat' dir='ltr'>memoriae</span> 
     </span>
     <span class='ocr_line' id='line_1_24' title="bbox 136 2245 230 2288; baseline 0 0"><span class='ocrx_word' id='word_1_212' title='bbox 136 2245 230 2288; x_wconf 89' lang='lat' dir='ltr'>meae.</span> 
     </span>
    </p>

    <p class='ocr_par' dir='ltr' id='par_1_9' title="bbox 222 2303 1257 2393">
     <span class='ocr_line' id='line_1_25' title="bbox 222 2303 1257 2393; baseline 0.003 -21"><span class='ocrx_word' id='word_1_213' title='bbox 222 2319 354 2374; x_wconf 87' lang='lat' dir='ltr'>ceterum</span> <span class='ocrx_word' id='word_1_214' title='bbox 363 2311 508 2392; x_wconf 77' lang='lat' dir='ltr'>Ascyltos,</span> <span class='ocrx_word' id='word_1_215' title='bbox 523 2312 752 2393; x_wconf 89' lang='lat' dir='ltr'>intemperantis</span> <span class='ocrx_word' id='word_1_216' title='bbox 768 2312 914 2386; x_wconf 88' lang='lat' dir='ltr'>licentiae,</span> <span class='ocrx_word' id='word_1_217' title='bbox 930 2331 998 2374; x_wconf 90' lang='lat' dir='ltr'>cnm</span> <span class='ocrx_word' id='word_1_218' title='bbox 1014 2312 1114 2376; x_wconf 88' lang='lat' dir='ltr'>omnia</span> <span class='ocrx_word' id='word_1_219' title='bbox 1131 2303 1204 2376; x_wconf 90' lang='lat' dir='ltr'>sub·</span> <span class='ocrx_word' id='word_1_220' title='bbox 1217 2307 1257 2368; x_wconf 84' lang='lat'>57</span> 
     </span>
    </p>

    <p class='ocr_par' dir='ltr' id='par_1_10' title="bbox 89 2397 1206 2719">
     <span class='ocr_line' id='line_1_26' title="bbox 89 2397 1204 2478; baseline 0.003 -21"><span class='ocrx_word' id='word_1_221' title='bbox 89 2407 118 2458; x_wconf 80' lang='lat'>25</span> <span class='ocrx_word' id='word_1_222' title='bbox 135 2397 202 2458; x_wconf 89' lang='lat' dir='ltr'>latis</span> <span class='ocrx_word' id='word_1_223' title='bbox 225 2398 364 2461; x_wconf 89' lang='lat' dir='ltr'>manibus</span> <span class='ocrx_word' id='word_1_224' title='bbox 386 2399 519 2460; x_wconf 89' lang='lat' dir='ltr'>eluderet</span> <span class='ocrx_word' id='word_1_225' title='bbox 540 2405 569 2460; x_wconf 92' lang='lat' dir='ltr'>et</span> <span class='ocrx_word' id='word_1_226' title='bbox 591 2417 686 2478; x_wconf 88' lang='lat' dir='ltr'>usqne</span> <span class='ocrx_word' id='word_1_227' title='bbox 707 2399 744 2462; x_wconf 89' lang='lat' dir='ltr'>ad</span> <span class='ocrx_word' id='word_1_228' title='bbox 765 2398 900 2462; x_wconf 88' lang='lat' dir='ltr'>lacrimas</span> <span class='ocrx_word' id='word_1_229' title='bbox 919 2399 1047 2472; x_wconf 83' lang='lat' dir='ltr'>rideret,</span> <span class='ocrx_word' id='word_1_230' title='bbox 1068 2417 1146 2460; x_wconf 89' lang='lat' dir='ltr'>unns</span> <span class='ocrx_word' id='word_1_231' title='bbox 1168 2418 1204 2460; x_wconf 82' lang='lat' dir='ltr'>ex</span> 
     </span>
     <span class='ocr_line' id='line_1_27' title="bbox 136 2483 1203 2565; baseline 0.002 -21"><span class='ocrx_word' id='word_1_232' title='bbox 136 2483 306 2546; x_wconf 87' lang='lat' dir='ltr'>conlibertis</span> <span class='ocrx_word' id='word_1_233' title='bbox 322 2484 547 2546; x_wconf 82' lang='lat' dir='ltr'>Trimalchionis</span> <span class='ocrx_word' id='word_1_234' title='bbox 565 2485 730 2558; x_wconf 86' lang='lat' dir='ltr'>excanduit,</span> <span class='ocrx_word' id='word_1_235' title='bbox 760 2485 785 2546; x_wconf 89' lang='lat' dir='ltr'>is</span> <span class='ocrx_word' id='word_1_236' title='bbox 808 2485 871 2565; x_wconf 90' lang='lat' dir='ltr'>ipse</span> <span class='ocrx_word' id='word_1_237' title='bbox 894 2484 943 2564; x_wconf 93' lang='lat' dir='ltr'>qui</span> <span class='ocrx_word' id='word_1_238' title='bbox 967 2503 1057 2564; x_wconf 88' lang='lat' dir='ltr'>supra</span> <span class='ocrx_word' id='word_1_239' title='bbox 1079 2503 1127 2546; x_wconf 89' lang='lat' dir='ltr'>me</span> <span class='ocrx_word' id='word_1_240' title='bbox 1144 2484 1203 2546; x_wconf 89' lang='lat' dir='ltr'>dis-</span> 
     </span>
     <span class='ocr_line' id='line_1_28' title="bbox 136 2567 1206 2650; baseline 0.003 -21"><span class='ocrx_word' id='word_1_241' title='bbox 136 2568 304 2642; x_wconf 87' lang='lat' dir='ltr'>cumbebat,</span> <span class='ocrx_word' id='word_1_242' title='bbox 320 2576 350 2631; x_wconf 89' lang='lat' dir='ltr'>et</span> <span class='ocrx_word' id='word_1_243' title='bbox 371 2569 453 2650; x_wconf 91' lang='lat' dir='ltr'>‘quid</span> <span class='ocrx_word' id='word_1_244' title='bbox 468 2569 556 2632; x_wconf 83' lang='lat' dir='ltr'>rides&#39;</span> <span class='ocrx_word' id='word_1_245' title='bbox 579 2570 679 2649; x_wconf 90' lang='lat' dir='ltr'>inquit</span> <span class='ocrx_word' id='word_1_246' title='bbox 701 2567 842 2631; x_wconf 71' lang='lat' dir='ltr'>‘vervexi</span> <span class='ocrx_word' id='word_1_247' title='bbox 872 2587 908 2630; x_wconf 89' lang='lat' dir='ltr'>an</span> <span class='ocrx_word' id='word_1_248' title='bbox 932 2569 985 2632; x_wconf 91' lang='lat' dir='ltr'>tibi</span> <span class='ocrx_word' id='word_1_249' title='bbox 1006 2587 1067 2631; x_wconf 94' lang='lat' dir='ltr'>non</span> <span class='ocrx_word' id='word_1_250' title='bbox 1088 2568 1206 2650; x_wconf 89' lang='lat' dir='ltr'>placent</span> 
     </span>
     <span class='ocr_line' id='line_1_29' title="bbox 136 2652 1204 2719; baseline 0.004 -5"><span class='ocrx_word' id='word_1_251' title='bbox 136 2654 266 2716; x_wconf 91' lang='lat' dir='ltr'>lautitiae</span> <span class='ocrx_word' id='word_1_252' title='bbox 289 2655 401 2718; x_wconf 90' lang='lat' dir='ltr'>domini</span> <span class='ocrx_word' id='word_1_253' title='bbox 424 2652 506 2718; x_wconf 80' lang='lat' dir='ltr'>mei?</span> <span class='ocrx_word' id='word_1_254' title='bbox 535 2664 568 2717; x_wconf 89' lang='lat' dir='ltr'>tu</span> <span class='ocrx_word' id='word_1_255' title='bbox 586 2655 667 2718; x_wconf 91' lang='lat' dir='ltr'>enim</span> <span class='ocrx_word' id='word_1_256' title='bbox 688 2655 849 2719; x_wconf 89' lang='lat' dir='ltr'>beatiores</span> <span class='ocrx_word' id='word_1_257' title='bbox 871 2662 900 2716; x_wconf 90' lang='lat' dir='ltr'>et</span> <span class='ocrx_word' id='word_1_258' title='bbox 920 2654 1075 2718; x_wconf 89' lang='lat' dir='ltr'>convivare</span> <span class='ocrx_word' id='word_1_259' title='bbox 1098 2655 1204 2718; x_wconf 89' lang='lat' dir='ltr'>melius</span> 
     </span>
    </p>

    <p class='ocr_par' dir='ltr' id='par_1_11' title="bbox 29 2740 1206 3251">
     <span class='ocr_line' id='line_1_30' title="bbox 29 2740 1204 2840; baseline 0.003 -40"><span class='ocrx_word' id='word_1_260' title='bbox 29 2779 30 2840; x_wconf 51' lang='lat' dir='ltr'>p</span> <span class='ocrx_word' id='word_1_261' title='bbox 136 2740 221 2802; x_wconf 89' lang='lat' dir='ltr'>soles.</span> <span class='ocrx_word' id='word_1_262' title='bbox 244 2740 284 2802; x_wconf 88' lang='lat' dir='ltr'>ita</span> <span class='ocrx_word' id='word_1_263' title='bbox 300 2741 424 2802; x_wconf 89' lang='lat' dir='ltr'>tutelam</span> <span class='ocrx_word' id='word_1_264' title='bbox 439 2741 527 2803; x_wconf 91' lang='lat' dir='ltr'>huius</span> <span class='ocrx_word' id='word_1_265' title='bbox 543 2741 600 2803; x_wconf 88' lang='lat' dir='ltr'>loci</span> <span class='ocrx_word' id='word_1_266' title='bbox 615 2740 739 2803; x_wconf 91' lang='lat' dir='ltr'>habeam</span> <span class='ocrx_word' id='word_1_267' title='bbox 755 2741 923 2821; x_wconf 88' lang='lat' dir='ltr'>propitiam,</span> <span class='ocrx_word' id='word_1_268' title='bbox 941 2749 975 2803; x_wconf 87' lang='lat' dir='ltr'>ut</span> <span class='ocrx_word' id='word_1_269' title='bbox 986 2759 1039 2821; x_wconf 80' lang='lat' dir='ltr'>ego</span> <span class='ocrx_word' id='word_1_270' title='bbox 1051 2740 1077 2804; x_wconf 91' lang='lat' dir='ltr'>si</span> <span class='ocrx_word' id='word_1_271' title='bbox 1095 2759 1204 2804; x_wconf 89' lang='lat' dir='ltr'>secun-</span> 
     </span>
     <span class='ocr_line' id='line_1_31' title="bbox 29 2825 1204 2908; baseline 0.004 -23"><span class='ocrx_word' id='word_1_272' title='bbox 29 2843 31 2884; x_wconf 66' lang='grc' dir='ltr'><strong>ι</strong></span> <span class='ocrx_word' id='word_1_273' title='bbox 90 2836 119 2887; x_wconf 82' lang='grc'>30</span> <span class='ocrx_word' id='word_1_274' title='bbox 137 2826 207 2887; x_wconf 91' lang='lat' dir='ltr'>dum</span> <span class='ocrx_word' id='word_1_275' title='bbox 223 2826 306 2888; x_wconf 92' lang='lat' dir='ltr'>illum</span> <span class='ocrx_word' id='word_1_276' title='bbox 323 2825 549 2898; x_wconf 86' lang='lat' dir='ltr'>discumberem,</span> <span class='ocrx_word' id='word_1_277' title='bbox 564 2827 624 2890; x_wconf 87' lang='lat' dir='ltr'>ianr</span> <span class='ocrx_word' id='word_1_278' title='bbox 639 2827 680 2890; x_wconf 92' lang='lat' dir='ltr'>illi</span> <span class='ocrx_word' id='word_1_279' title='bbox 695 2826 822 2890; x_wconf 88' lang='lat' dir='ltr'>balatum</span> <span class='ocrx_word' id='word_1_280' title='bbox 841 2827 998 2890; x_wconf 80' lang='lat' dir='ltr'>duxissem.</span> <span class='ocrx_word' id='word_1_281' title='bbox 1021 2827 1133 2890; x_wconf 91' lang='lat' dir='ltr'>bellum</span> <span class='ocrx_word' id='word_1_282' title='bbox 1148 2846 1204 2908; x_wconf 93' lang='lat' dir='ltr'>po·</span> 
     </span>
     <span class='ocr_line' id='line_1_32' title="bbox 29 2909 1204 2994; baseline 0.003 -22"><span class='ocrx_word' id='word_1_283' title='bbox 29 2909 30 2916; x_wconf 73' lang='grc'>’</span> <span class='ocrx_word' id='word_1_284' title='bbox 137 2930 231 2985; x_wconf 90' lang='lat' dir='ltr'>mum,</span> <span class='ocrx_word' id='word_1_285' title='bbox 247 2913 296 2991; x_wconf 94' lang='lat' dir='ltr'>qni</span> <span class='ocrx_word' id='word_1_286' title='bbox 307 2913 439 2974; x_wconf 89' lang='lat' dir='ltr'>rideatur</span> <span class='ocrx_word' id='word_1_287' title='bbox 450 2913 536 2988; x_wconf 88' lang='lat' dir='ltr'>alios;</span> <span class='ocrx_word' id='word_1_288' title='bbox 552 2912 674 2993; x_wconf 80' lang='lat' dir='ltr'>larifuga</span> <span class='ocrx_word' id='word_1_289' title='bbox 687 2913 789 2975; x_wconf 90' lang='lat' dir='ltr'>neseio</span> <span class='ocrx_word' id='word_1_290' title='bbox 802 2913 869 2992; x_wconf 92' lang='lat' dir='ltr'>quis</span> <span class='ocrx_word' id='word_1_291' title='bbox 882 2919 1058 2986; x_wconf 89' lang='lat' dir='ltr'>nocturnus,</span> <span class='ocrx_word' id='word_1_292' title='bbox 1076 2913 1126 2994; x_wconf 93' lang='lat' dir='ltr'>qui</span> <span class='ocrx_word' id='word_1_293' title='bbox 1143 2931 1204 2976; x_wconf 89' lang='lat' dir='ltr'>non</span> 
     </span>
     <span class='ocr_line' id='line_1_33' title="bbox 136 2997 1206 3072; baseline 0.003 -15"><span class='ocrx_word' id='word_1_294' title='bbox 136 2997 211 3058; x_wconf 87' lang='lat' dir='ltr'>valet</span> <span class='ocrx_word' id='word_1_295' title='bbox 225 2997 331 3059; x_wconf 92' lang='lat' dir='ltr'>lotium</span> <span class='ocrx_word' id='word_1_296' title='bbox 343 3017 439 3060; x_wconf 89' lang='lat' dir='ltr'>snum.</span> <span class='ocrx_word' id='word_1_297' title='bbox 463 2997 500 3058; x_wconf 94' lang='lat' dir='ltr'>ad</span> <span class='ocrx_word' id='word_1_298' title='bbox 513 3017 672 3071; x_wconf 88' lang='lat' dir='ltr'>summam,</span> <span class='ocrx_word' id='word_1_299' title='bbox 685 2999 710 3060; x_wconf 89' lang='lat' dir='ltr'>si</span> <span class='ocrx_word' id='word_1_300' title='bbox 722 2998 972 3060; x_wconf 89' lang='lat' dir='ltr'>circumminxero</span> <span class='ocrx_word' id='word_1_301' title='bbox 984 2999 1078 3072; x_wconf 92' lang='lat' dir='ltr'>illum,</span> <span class='ocrx_word' id='word_1_302' title='bbox 1091 2998 1206 3060; x_wconf 86' lang='lat' dir='ltr'>nesciet</span> 
     </span>
     <span class='ocr_line' id='line_1_34' title="bbox 29 3082 1205 3168; baseline 0.002 -24"><span class='ocrx_word' id='word_1_303' title='bbox 29 3135 31 3168; x_wconf 61' lang='lat'>‚</span> <span class='ocrx_word' id='word_1_304' title='bbox 137 3101 194 3162; x_wconf 89' lang='lat' dir='ltr'>qua</span> <span class='ocrx_word' id='word_1_305' title='bbox 206 3082 307 3162; x_wconf 84' lang='lat' dir='ltr'>lugiet.</span> <span class='ocrx_word' id='word_1_306' title='bbox 333 3101 394 3144; x_wconf 93' lang='lat' dir='ltr'>non</span> <span class='ocrx_word' id='word_1_307' title='bbox 408 3085 592 3146; x_wconf 89' lang='lat' dir='ltr'>mehercules</span> <span class='ocrx_word' id='word_1_308' title='bbox 605 3086 685 3146; x_wconf 90' lang='lat' dir='ltr'>soleo</span> <span class='ocrx_word' id='word_1_309' title='bbox 698 3085 757 3146; x_wconf 92' lang='lat' dir='ltr'>cito</span> <span class='ocrx_word' id='word_1_310' title='bbox 770 3084 895 3156; x_wconf 82' lang='lat' dir='ltr'>fervere,</span> <span class='ocrx_word' id='word_1_311' title='bbox 910 3085 962 3146; x_wconf 91' lang='lat' dir='ltr'>sed</span> <span class='ocrx_word' id='word_1_312' title='bbox 974 3084 1005 3146; x_wconf 94' lang='lat' dir='ltr'>in</span> <span class='ocrx_word' id='word_1_313' title='bbox 1016 3084 1103 3146; x_wconf 89' lang='lat' dir='ltr'>molle</span> <span class='ocrx_word' id='word_1_314' title='bbox 1116 3101 1205 3146; x_wconf 89' lang='lat' dir='ltr'>carne</span> 
     </span>
     <span class='ocr_line' id='line_1_35' title="bbox 137 3165 1205 3251; baseline 0.003 -24"><span class='ocrx_word' id='word_1_315' title='bbox 137 3187 250 3230; x_wconf 89' lang='lat' dir='ltr'>vermes</span> <span class='ocrx_word' id='word_1_316' title='bbox 270 3177 441 3234; x_wconf 86' lang='lat' dir='ltr'>nascuntur.</span> <span class='ocrx_word' id='word_1_317' title='bbox 473 3169 559 3231; x_wconf 91' lang='lat' dir='ltr'>ridet.</span> <span class='ocrx_word' id='word_1_318' title='bbox 591 3170 662 3251; x_wconf 94' lang='lat' dir='ltr'>quid</span> <span class='ocrx_word' id='word_1_319' title='bbox 684 3169 786 3242; x_wconf 89' lang='lat' dir='ltr'>habet,</span> <span class='ocrx_word' id='word_1_320' title='bbox 809 3170 888 3249; x_wconf 93' lang='lat' dir='ltr'>quod</span> <span class='ocrx_word' id='word_1_321' title='bbox 911 3165 1028 3230; x_wconf 75' lang='lat' dir='ltr'>rideat?</span> <span class='ocrx_word' id='word_1_322' title='bbox 1057 3169 1205 3248; x_wconf 90' lang='lat' dir='ltr'>numquid</span> 
     </span>
    </p>

    <p class='ocr_par' dir='ltr' id='par_1_12' title="bbox 91 3251 1207 3676">
     <span class='ocr_line' id='line_1_36' title="bbox 91 3251 1205 3336; baseline 0 -20"><span class='ocrx_word' id='word_1_323' title='bbox 91 3266 120 3316; x_wconf 81' lang='lat'>35</span> <span class='ocrx_word' id='word_1_324' title='bbox 136 3261 220 3335; x_wconf 87' lang='lat' dir='ltr'>pater</span> <span class='ocrx_word' id='word_1_325' title='bbox 235 3254 331 3316; x_wconf 86' lang='lat' dir='ltr'>fetum</span> <span class='ocrx_word' id='word_1_326' title='bbox 347 3255 419 3316; x_wconf 87' lang='lat' dir='ltr'>emit</span> <span class='ocrx_word' id='word_1_327' title='bbox 435 3251 557 3316; x_wconf 77' lang='lat' dir='ltr'>lamna?</span> <span class='ocrx_word' id='word_1_328' title='bbox 587 3274 679 3336; x_wconf 91' lang='lat' dir='ltr'>eques</span> <span class='ocrx_word' id='word_1_329' title='bbox 694 3255 846 3317; x_wconf 89' lang='lat' dir='ltr'>Romanus</span> <span class='ocrx_word' id='word_1_330' title='bbox 862 3272 907 3317; x_wconf 89' lang='lat' dir='ltr'>es:</span> <span class='ocrx_word' id='word_1_331' title='bbox 931 3262 961 3316; x_wconf 89' lang='lat' dir='ltr'>et</span> <span class='ocrx_word' id='word_1_332' title='bbox 980 3273 1033 3334; x_wconf 84' lang='lat' dir='ltr'>ego</span> <span class='ocrx_word' id='word_1_333' title='bbox 1054 3255 1130 3333; x_wconf 81' lang='lat' dir='ltr'>regis</span> <span class='ocrx_word' id='word_1_334' title='bbox 1147 3255 1205 3316; x_wconf 87' lang='lat' dir='ltr'>hli-</span> 
     </span>
     <span class='ocr_line' id='line_1_37' title="bbox 139 3339 1206 3422; baseline 0.004 -23"><span class='ocrx_word' id='word_1_335' title='bbox 139 3357 179 3400; x_wconf 86' lang='lat' dir='ltr'>ns.</span> <span class='ocrx_word' id='word_1_336' title='bbox 212 3345 324 3420; x_wconf 86' lang='lat' dir='ltr'>“quare</span> <span class='ocrx_word' id='word_1_337' title='bbox 341 3358 410 3420; x_wconf 82' lang='lat' dir='ltr'>ergo</span> <span class='ocrx_word' id='word_1_338' title='bbox 427 3339 611 3404; x_wconf 76' lang='lat' dir='ltr'>servivisti?&#39;’</span> <span class='ocrx_word' id='word_1_339' title='bbox 628 3342 696 3422; x_wconf 93' lang='lat' dir='ltr'>qnia</span> <span class='ocrx_word' id='word_1_340' title='bbox 711 3341 775 3421; x_wconf 91' lang='lat' dir='ltr'>ipse</span> <span class='ocrx_word' id='word_1_341' title='bbox 790 3359 839 3401; x_wconf 89' lang='lat' dir='ltr'>me</span> <span class='ocrx_word' id='word_1_342' title='bbox 855 3339 923 3402; x_wconf 90' lang='lat' dir='ltr'>dedi</span> <span class='ocrx_word' id='word_1_343' title='bbox 937 3340 969 3402; x_wconf 94' lang='lat' dir='ltr'>in</span> <span class='ocrx_word' id='word_1_344' title='bbox 985 3339 1160 3403; x_wconf 83' lang='lat' dir='ltr'>servitutem</span> <span class='ocrx_word' id='word_1_345' title='bbox 1175 3351 1206 3404; x_wconf 90' lang='lat' dir='ltr'>et</span> 
     </span>
     <span class='ocr_line' id='line_1_38' title="bbox 139 3425 1205 3507; baseline 0.003 -22"><span class='ocrx_word' id='word_1_346' title='bbox 139 3425 227 3486; x_wconf 91' lang='lat' dir='ltr'>malui</span> <span class='ocrx_word' id='word_1_347' title='bbox 243 3426 313 3488; x_wconf 87' lang='lat' dir='ltr'>civis</span> <span class='ocrx_word' id='word_1_348' title='bbox 329 3427 482 3488; x_wconf 88' lang='lat' dir='ltr'>Romanus</span> <span class='ocrx_word' id='word_1_349' title='bbox 498 3446 564 3488; x_wconf 89' lang='lat' dir='ltr'>esse</span> <span class='ocrx_word' id='word_1_350' title='bbox 580 3446 670 3507; x_wconf 92' lang='lat' dir='ltr'>quam</span> <span class='ocrx_word' id='word_1_351' title='bbox 689 3426 872 3489; x_wconf 88' lang='lat' dir='ltr'>tributarius.</span> <span class='ocrx_word' id='word_1_352' title='bbox 912 3434 941 3486; x_wconf 91' lang='lat' dir='ltr'>et</span> <span class='ocrx_word' id='word_1_353' title='bbox 957 3443 1037 3488; x_wconf 89' lang='lat' dir='ltr'>nunc</span> <span class='ocrx_word' id='word_1_354' title='bbox 1052 3443 1141 3505; x_wconf 87' lang='lat' dir='ltr'>spero</span> <span class='ocrx_word' id='word_1_355' title='bbox 1157 3445 1205 3488; x_wconf 91' lang='lat' dir='ltr'>me</span> 
     </span>
     <span class='ocr_line' id='line_1_39' title="bbox 138 3510 1207 3586; baseline 0.003 -14"><span class='ocrx_word' id='word_1_356' title='bbox 138 3510 179 3574; x_wconf 89' lang='lat' dir='ltr'>sio</span> <span class='ocrx_word' id='word_1_357' title='bbox 194 3510 302 3586; x_wconf 88' lang='lat' dir='ltr'>vivere,</span> <span class='ocrx_word' id='word_1_358' title='bbox 318 3521 352 3572; x_wconf 91' lang='lat' dir='ltr'>ut</span> <span class='ocrx_word' id='word_1_359' title='bbox 366 3513 480 3578; x_wconf 88' lang='lat' dir='ltr'>nemini</span> <span class='ocrx_word' id='word_1_360' title='bbox 495 3513 579 3575; x_wconf 90' lang='lat' dir='ltr'>iocus</span> <span class='ocrx_word' id='word_1_361' title='bbox 595 3513 662 3575; x_wconf 90' lang='lat' dir='ltr'>sirn.</span> <span class='ocrx_word' id='word_1_362' title='bbox 698 3513 789 3574; x_wconf 87' lang='lat' dir='ltr'>hamo</span> <span class='ocrx_word' id='word_1_363' title='bbox 803 3512 883 3574; x_wconf 90' lang='lat' dir='ltr'>inter</span> <span class='ocrx_word' id='word_1_364' title='bbox 903 3511 1040 3574; x_wconf 84' lang='lat' dir='ltr'>bondnes</span> <span class='ocrx_word' id='word_1_365' title='bbox 1056 3529 1134 3584; x_wconf 88' lang='lat' dir='ltr'>snm,</span> <span class='ocrx_word' id='word_1_366' title='bbox 1156 3531 1207 3576; x_wconf 90' lang='lat' dir='ltr'>ca·</span> 
     </span>
     <span class='ocr_line' id='line_1_40' title="bbox 139 3596 1205 3676; baseline 0.003 -20"><span class='ocrx_word' id='word_1_367' title='bbox 139 3596 196 3676; x_wconf 91' lang='lat' dir='ltr'>pile</span> <span class='ocrx_word' id='word_1_368' title='bbox 207 3604 310 3676; x_wconf 85' lang='lat' dir='ltr'>aperto</span> <span class='ocrx_word' id='word_1_369' title='bbox 323 3597 458 3672; x_wconf 82' lang='lat' dir='ltr'>ambnl03</span> <span class='ocrx_word' id='word_1_370' title='bbox 474 3617 570 3661; x_wconf 89' lang='lat' dir='ltr'>assem</span> <span class='ocrx_word' id='word_1_371' title='bbox 584 3598 732 3662; x_wconf 90' lang='lat' dir='ltr'>aerarium</span> <span class='ocrx_word' id='word_1_372' title='bbox 749 3598 863 3659; x_wconf 91' lang='lat' dir='ltr'>nemini</span> <span class='ocrx_word' id='word_1_373' title='bbox 883 3596 993 3672; x_wconf 81' lang='lat' dir='ltr'>debe03</span> <span class='ocrx_word' id='word_1_374' title='bbox 1009 3597 1205 3659; x_wconf 88' lang='lat' dir='ltr'>constitutum</span> 
     </span>
    </p>

    <p class='ocr_par' dir='ltr' id='par_1_13' title="bbox 92 3681 1202 3764">
     <span class='ocr_line' id='line_1_41' title="bbox 92 3681 1202 3764; baseline -0.001 -19"><span class='ocrx_word' id='word_1_375' title='bbox 92 3695 122 3745; x_wconf 84' lang='lat' dir='ltr'>lu</span> <span class='ocrx_word' id='word_1_376' title='bbox 139 3681 226 3744; x_wconf 90' lang='lat' dir='ltr'>habui</span> <span class='ocrx_word' id='word_1_377' title='bbox 240 3701 409 3764; x_wconf 80' lang='lat' dir='ltr'>nunqnam3</span> <span class='ocrx_word' id='word_1_378' title='bbox 431 3701 519 3747; x_wconf 90' lang='lat' dir='ltr'>nemo</span> <span class='ocrx_word' id='word_1_379' title='bbox 536 3684 609 3747; x_wconf 92' lang='lat' dir='ltr'>mihi</span> <span class='ocrx_word' id='word_1_380' title='bbox 623 3684 654 3746; x_wconf 92' lang='lat' dir='ltr'>in</span> <span class='ocrx_word' id='word_1_381' title='bbox 669 3687 734 3746; x_wconf 89' lang='lat' dir='ltr'>foro</span> <span class='ocrx_word' id='word_1_382' title='bbox 758 3684 832 3744; x_wconf 87' lang='lat' dir='ltr'>dixit</span> <span class='ocrx_word' id='word_1_383' title='bbox 848 3683 968 3757; x_wconf 74' lang='lat' dir='ltr'>“redde</span> <span class='ocrx_word' id='word_1_384' title='bbox 989 3683 1068 3764; x_wconf 92' lang='lat' dir='ltr'>quod</span> <span class='ocrx_word' id='word_1_385' title='bbox 1084 3681 1202 3745; x_wconf 90' lang='lat' dir='ltr'>debes&#39;’.</span> 
     </span>
    </p>
   </div>
   <div class='ocr_carea' id='block_1_3' title="bbox 204 3836 1204 3908">
    <p class='ocr_par' dir='ltr' id='par_1_14' title="bbox 204 3836 1204 3908">
     <span class='ocr_line' id='line_1_42' title="bbox 204 3836 1204 3908; baseline 0.003 -20"><span class='ocrx_word' id='word_1_386' title='bbox 204 3837 219 3888; x_wconf 86' lang='grc'>8</span> <span class='ocrx_word' id='word_1_387' title='bbox 237 3839 261 3890; x_wconf 88' lang='lat' dir='ltr'>ei</span> <span class='ocrx_word' id='word_1_388' title='bbox 275 3842 368 3891; x_wconf 60' lang='lat' dir='ltr'>cochei</span> <span class='ocrx_word' id='word_1_389' title='bbox 379 3840 389 3904; x_wconf 84' lang='lat' dir='ltr'>ll</span> <span class='ocrx_word' id='word_1_390' title='bbox 404 3840 434 3892; x_wconf 88' lang='grc'>16</span> <span class='ocrx_word' id='word_1_391' title='bbox 452 3841 569 3906; x_wconf 79' lang='lat' dir='ltr'>fortasse</span> <span class='ocrx_word' id='word_1_392' title='bbox 579 3840 751 3908; x_wconf 83' lang='lat' dir='ltr'>xerophagiae</span> <span class='ocrx_word' id='word_1_393' title='bbox 764 3855 797 3892; x_wconf 80' lang='lat' dir='ltr'>ex</span> <span class='ocrx_word' id='word_1_394' title='bbox 813 3842 867 3892; x_wconf 81' lang='lat' dir='ltr'>sale</span> <span class='ocrx_word' id='word_1_395' title='bbox 880 3839 892 3904; x_wconf 85' lang='grc' dir='ltr'>ΙΙ</span> <span class='ocrx_word' id='word_1_396' title='bbox 904 3841 934 3890; x_wconf 82' lang='grc'>21</span> <span class='ocrx_word' id='word_1_397' title='bbox 948 3839 1081 3904; x_wconf 77' lang='lat' dir='ltr'>alligatam</span> <span class='ocrx_word' id='word_1_398' title='bbox 1094 3836 1103 3908; x_wconf 76' lang='lat' dir='ltr'>ll</span> <span class='ocrx_word' id='word_1_399' title='bbox 1116 3839 1149 3890; x_wconf 79' lang='lat'>22</span> <span class='ocrx_word' id='word_1_400' title='bbox 1162 3855 1204 3892; x_wconf 87' lang='lat' dir='ltr'>ee-</span> 
     </span>
    </p>
   </div>
   <div class='ocr_carea' id='block_1_4' title="bbox 31 3903 1204 4043">
    <p class='ocr_par' dir='ltr' id='par_1_15' title="bbox 31 3903 1204 4043">
     <span class='ocr_line' id='line_1_43' title="bbox 139 3903 1204 4026; baseline 0.007 -72"><span class='ocrx_word' id='word_1_401' title='bbox 139 3905 254 4026; x_wconf 77' lang='lat' dir='ltr'>ciderpat</span> <span class='ocrx_word' id='word_1_402' title='bbox 270 3905 280 3975; x_wconf 81' lang='lat' dir='ltr'>ll</span> <span class='ocrx_word' id='word_1_403' title='bbox 296 3909 329 3960; x_wconf 81' lang='grc'>311</span> <span class='ocrx_word' id='word_1_404' title='bbox 347 3910 433 3961; x_wconf 81' lang='lat' dir='ltr'>balatu</span> <span class='ocrx_word' id='word_1_405' title='bbox 450 3911 649 3962; x_wconf 84' lang='lat' dir='ltr'>interdixissem-</span> <span class='ocrx_word' id='word_1_406' title='bbox 661 3903 804 3976; x_wconf 69' lang='lat' dir='ltr'>Hmmmss</span> <span class='ocrx_word' id='word_1_407' title='bbox 820 3909 852 3960; x_wconf 80' lang='lat'>35</span> <span class='ocrx_word' id='word_1_408' title='bbox 871 3910 962 3972; x_wconf 80' lang='lat' dir='ltr'>lamna]</span> <span class='ocrx_word' id='word_1_409' title='bbox 982 3909 1017 3959; x_wconf 79' lang='lat' dir='ltr'>al.</span> <span class='ocrx_word' id='word_1_410' title='bbox 1037 3908 1095 3959; x_wconf 84' lang='lat' dir='ltr'>lena</span> <span class='ocrx_word' id='word_1_411' title='bbox 1113 3923 1204 3975; x_wconf 74' lang='lat' dir='ltr'>eupor-</span> 
     </span>
     <span class='ocr_line' id='line_1_44' title="bbox 31 3988 260 4043; baseline 0.026 -22"><span class='ocrx_word' id='word_1_412' title='bbox 31 4017 33 4042; x_wconf 67' lang='lat'>,</span> <span class='ocrx_word' id='word_1_413' title='bbox 139 3988 202 4043; x_wconf 79' lang='lat' dir='ltr'>serap</span> <span class='ocrx_word' id='word_1_414' title='bbox 215 3992 260 4026; x_wconf 90' lang='lat' dir='ltr'>um</span> 
     </span>
    </p>
   </div>
   <div class='ocr_carea' id='block_1_5' title="bbox 959 4060 991 4121">
    <p class='ocr_par' dir='ltr' id='par_1_16' title="bbox 959 4060 991 4121">
     <span class='ocr_line' id='line_1_45' title="bbox 959 4060 991 4121; baseline 0 -21"><span class='ocrx_word' id='word_1_415' title='bbox 959 4060 991 4121; x_wconf 74' lang='lat'>3*</span> 
     </span>
    </p>
   </div>
   <div class='ocr_carea' id='block_1_6' title="bbox 0 0 1436 4344">
    <p class='ocr_par' dir='ltr' id='par_1_17' title="bbox 0 0 1436 4344">
     <span class='ocr_line' id='line_1_46' title="bbox 0 0 1436 4344; baseline 0 0"><span class='ocrx_word' id='word_1_416' title='bbox 0 0 1436 4344; x_wconf 95' lang='lat' dir='ltr'> </span> 
     </span>
    </p>
   </div>
   <div class='ocr_carea' id='block_1_7' title="bbox 31 4055 35 4276">
    <p class='ocr_par' dir='ltr' id='par_1_18' title="bbox 31 4055 35 4276">
     <span class='ocr_line' id='line_1_47' title="bbox 31 4055 33 4084; baseline 0 0"><span class='ocrx_word' id='word_1_417' title='bbox 31 4055 33 4084; x_wconf 81' lang='grc' dir='ltr'><strong>ι</strong></span> 
     </span>
     <span class='ocr_line' id='line_1_48' title="bbox 31 4088 32 4127; baseline 0 0"><span class='ocrx_word' id='word_1_418' title='bbox 31 4088 32 4127; x_wconf 87' lang='grc'>1</span> 
     </span>
     <span class='ocr_line' id='line_1_49' title="bbox 31 4231 35 4276; baseline 0 0"><span class='ocrx_word' id='word_1_419' title='bbox 31 4231 35 4276; x_wconf 90' lang='grc'>1</span> 
     </span>
    </p>
   </div>
  </div>
 </body>
</html>
