2838 4348
73 802 155 892 lluid
172 821 273 876 actum
289 815 327 876 sit
342 813 374 874 in
390 814 470 874 caelo
486 820 555 874 ante
572 813 650 874 diem
665 813 713 874 lli.
729 813 797 874 idus
813 811 949 874 Octobris
965 831 1044 874 anno
1055 831 1144 886 novo,
1170 813 1184 872 1

71 902 161 964 initio
179 899 287 962 saeculi
301 899 474 973 felicissimi,
497 897 733 960 volumemoriae
745 899 870 960 tradere.
894 898 968 960 nihil
980 917 1037 960 nec
1051 899 1147 959 olien-

73 1007 124 1050 sae
140 1005 198 1048 nec
212 985 321 1064 gratim
337 984 463 1045 dabitur.
487 984 560 1044 haec
580 985 622 1045 ita
638 1001 717 1044 vera.
747 984 772 1044 si
793 985 859 1062 quis
876 984 1052 1063 quaesiverit
1067 984 1147 1045 unde

73 1075 179 1144 sciam,
191 1071 333 1151 primum,
350 1070 376 1130 si
387 1069 521 1142 noluero,
538 1086 600 1130 non
610 1069 807 1148 respondebo.
831 1070 897 1150 quis
908 1076 1064 1132 coacturus
1078 1065 1147 1130 est?

39 1169 53 1218 5
73 1179 128 1239 ego
144 1157 207 1220 scio
223 1174 272 1216 me
286 1154 414 1232 liberum
425 1157 546 1228 lactum,
562 1174 598 1216 ex
610 1172 669 1233 quo
680 1173 770 1216 suum
779 1155 859 1216 diem
871 1153 944 1217 obiit
955 1155 1012 1226 ille,
1029 1155 1080 1234 qui
1095 1173 1146 1216 ve-

72 1263 143 1306 rum
158 1241 351 1322 proverbium
366 1241 486 1318 lecerat,
508 1248 559 1301 aut
573 1259 674 1319 regem
694 1247 745 1301 aut
760 1241 875 1303 fatuum
898 1241 980 1302 nasci
997 1247 1145 1320 oportere.

74 1331 99 1391 si
126 1327 248 1389 libuerit
268 1327 464 1406 respondere,
491 1326 587 1387 dicam
616 1326 695 1406 quod
717 1326 789 1386 mihi
816 1326 847 1387 in
869 1327 993 1388 buccam
1021 1326 1145 1388 venerit.

74 1414 142 1495 quis
167 1431 301 1492 unquam
320 1412 356 1473 ab
381 1411 522 1472 historico
542 1413 688 1473 iuratores
707 1409 825 1491 exegit?
852 1412 1000 1473 tamensi
1023 1429 1147 1474 necesse
1188 1485 1189 1489 Ἰ

73 1499 167 1561 inerit
180 1504 331 1560 auctorem
347 1498 521 1576 producere,
538 1496 672 1577 quaerito
688 1497 725 1558 ab
741 1515 775 1557 eo
792 1497 842 1575 qui
854 1497 1012 1560 Drusillam
1024 1505 1146 1559 euntem

23 1598 53 1647 10
73 1586 105 1646 in
121 1585 236 1646 caelum
251 1584 338 1644 vidit:
360 1583 439 1644 idem
455 1583 611 1644 Claudium
632 1582 740 1642 vidisse
760 1601 793 1644 se
814 1582 891 1644 dicet
910 1584 967 1644 iter
987 1583 1146 1644 facientem

75 1677 148 1732 ‘non
163 1669 297 1750 passibus
313 1667 433 1748 aequis’.
457 1668 526 1729 velit
541 1667 623 1738 nolit,
647 1686 769 1729 necesse
790 1674 836 1728 ost
855 1668 896 1730 illi
917 1669 1018 1730 omnia
1034 1668 1143 1740 videre,

75 1775 152 1836 quae
166 1757 199 1816 in
214 1755 292 1816 caelo
308 1763 452 1832 aguntur:
473 1753 585 1834 Appiae
601 1753 661 1814 viae
677 1761 795 1814 curator
810 1762 865 1827 cst,
890 1773 947 1834 qua
968 1753 1024 1814 scis
1048 1761 1078 1814 et
1099 1753 1144 1814 di-

74 1861 146 1903 vum
161 1841 327 1919 Augustum
343 1847 373 1901 et
387 1838 539 1900 Tiberium
556 1839 711 1900 Caesarem
727 1839 763 1900 ad
780 1839 850 1900 deos
865 1840 934 1900 isse.
957 1839 1039 1900 hunc
1053 1839 1079 1900 si
1094 1838 1144 1898 in-

75 1927 279 2006 terrogaveris,
296 1925 350 1986 soli
367 1924 513 1986 narrabit:
531 1943 630 1986 coram
648 1924 782 2002 pluribus
795 1941 950 2004 nunquam
962 1925 1086 1986 verbum
1099 1925 1144 1986 ia-

25 2022 54 2072 15
75 2014 142 2075 ciet.
166 2030 238 2072 nam
254 2031 289 2072 ex
305 2029 365 2091 quo
386 2011 418 2070 in
434 2018 540 2072 senatu
552 2009 660 2071 iuravit
675 2027 707 2070 se
724 2009 879 2070 Drusillam
901 2009 1009 2071 vidisse
1030 2011 1143 2072 caelum

74 2098 286 2160 ascendentem
308 2103 337 2157 et
352 2096 392 2158 illi
413 2114 468 2175 pro
489 2103 552 2156 tam
568 2095 770 2157 bononuntio
786 2112 876 2156 nemo
897 2096 1031 2169 credidit,
1054 2096 1145 2175 [quod

73 2183 187 2261 viderit]
215 2182 311 2244 verbis
333 2180 484 2260 conceptis
507 2181 666 2242 affirmavit
686 2200 719 2242 se
740 2198 802 2241 non
817 2181 1027 2252 indicaturum,
1054 2182 1142 2242 etiam

75 2271 99 2332 si
119 2270 152 2330 in
172 2270 271 2331 medio
292 2268 357 2329 foro
377 2267 530 2328 hominem
550 2267 680 2328 occisum
699 2266 830 2327 vidisset.
858 2267 894 2328 ab
915 2267 971 2328 hoc
990 2286 1044 2346 ego
1066 2285 1145 2347 quae

74 2367 137 2417 tum
155 2355 261 2426 audivi,
277 2362 357 2415 certa
372 2355 448 2414 clara
465 2353 566 2422 allero,
582 2353 623 2412 ita
639 2352 721 2411 illum
738 2352 851 2412 salvum
868 2360 899 2413 et
919 2353 1036 2414 felicem
1052 2353 1144 2413 habe-

19 2453 52 2502 20
73 2461 132 2504 am.

218 2525 276 2586 iam
292 2522 430 2584 Phoebus
445 2521 579 2584 breviore
594 2521 639 2584 via
655 2528 843 2582 contraxerat
858 2520 963 2582 orbem
1167 2525 1187 2585 2

217 2609 291 2671 lucis
304 2617 335 2671 et
350 2609 469 2670 obscuri
485 2608 658 2669 crescebant
672 2614 807 2685 tempora
822 2607 931 2680 somni,
1038 2624 1041 2630 ·

219 2697 339 2775 iamque
353 2711 440 2754 suum
457 2693 562 2754 victrix
578 2693 705 2772 augebat
720 2692 842 2770 Cynthia
858 2710 986 2771 regnum

220 2788 251 2842 et
266 2778 409 2842 deformis
424 2779 542 2858 hiemps
557 2787 656 2858 gratos
673 2776 810 2856 carpebat
824 2778 954 2842 honores

22 2883 56 2931 25
222 2866 320 2928 divitis
335 2866 472 2927 autumni
487 2865 629 2945 iussoque
644 2881 801 2926 senescere
815 2863 930 2926 Baccho

222 2951 360 3032 carpebat
375 2969 457 3012 raras
473 2969 559 3012 serus
575 2949 755 3012 vindemitor
771 2968 853 3010 uras.

74 3045 151 3120 puto
167 3037 262 3118 magis
281 3037 420 3116 intellegi,
448 3037 474 3097 si
490 3035 606 3096 dixero:
633 3034 746 3096 mensis
769 3043 834 3096 erat
854 3035 992 3105 October,
1013 3034 1075 3095 dies
1096 3034 1146 3095 lll.

74 3125 144 3186 idus
161 3122 306 3186 Octobris.
340 3125 445 3184 horam
460 3139 523 3183 non
546 3139 669 3201 possum
690 3127 800 3181 certam
825 3119 877 3181 tibi
893 3120 1006 3181 dicere:
1034 3119 1146 3204 facilius

74 3212 156 3272 inter
173 3210 362 3289 philosophos
378 3225 469 3287 quam
484 3206 563 3267 inter
578 3205 727 3285 horologia
743 3206 913 3266 conveniet:
945 3213 1047 3266 tamen
1068 3205 1147 3266 inter

20 3315 52 3367 30
73 3305 188 3358 sextam
205 3303 234 3357 et
249 3293 408 3374 septimam
431 3300 504 3353 erat.
534 3291 633 3352 ‘nimis
655 3291 775 3354 rustice’
796 3291 915 3370 inquies
942 3297 1021 3353 ‘cum
1042 3309 1146 3352 omnes

70 3389 186 3464 poetae,
203 3400 265 3444 non
280 3378 415 3442 contenti
426 3386 510 3439 ortus
532 3385 560 3439 et
576 3395 698 3440 occasus
717 3378 894 3448 describere,
912 3377 962 3454 [ut]
978 3377 1068 3439 etiam
1081 3397 1146 3438 me-

72 3469 157 3530 dium
174 3467 252 3528 diem
268 3465 448 3546 inquietent,
465 3473 497 3525 tu
513 3465 556 3526 sic
570 3463 713 3526 transibis
729 3463 833 3524 horam
848 3471 910 3525 tam
926 3460 1071 3524 bonami'

145 3643 295 3712 dempturus
306 3645 399 3711 quitos
416 3645 483 3696 arbit
497 3645 647 3696 adnotatum
663 3647 702 3694 ost
720 3641 786 3709 elegi
802 3660 816 3694 s
830 3641 913 3694 codice
928 3641 1096 3710 Sangallsosi,
1116 3645 1147 3696 ds

73 3731 124 3783 quo
133 3713 209 3782 pleae
220 3715 331 3766 rolatum
342 3717 379 3764 est
390 3717 417 3764 to
430 3715 549 3780 symbolis
558 3713 750 3782 philologorum
762 3711 936 3773 bosnensium
946 3727 972 3779 p.
985 3713 1018 3763 41
1031 3729 1065 3762 ss.

147 3783 177 3834 16
195 3782 313 3849 quiequid
332 3783 431 3834 viderit
446 3785 607 3834 Paschasius
621 3780 762 3832 Radbertus
781 3781 830 3846 (cs.
849 3782 959 3832 Hermas
974 3781 991 3830 6
1005 3798 1031 3849 p.
1050 3779 1110 3843 127)
1125 3779 1134 3848 ΙΙ

74 3853 103 3902 nt
122 3858 206 3901 ortum
228 3850 237 3918 ll
252 3851 283 3902 24
296 3851 411 3918 rapiebat
422 3853 477 3918 ipse
489 3854 588 3914 eonem,
600 3851 720 3916 turpabat
732 3849 859 3917 Hauptius
886 3847 897 3916 ll
908 3849 939 3898 25
953 3849 1060 3916 visoque
1071 3849 1146 3900 editio
1205 3895 1206 3902 ,

70 3923 194 3988 princeps
207 3917 216 3986 ll
229 3919 261 3970 at
274 3919 410 3983 intelleges
426 3919 450 3970 C.
464 3917 492 3969 F.
508 3919 545 3971 W
546 3921 551 3968 ’.
559 3916 695 3970 Muellerus
710 3919 714 3985 Ι
730 3918 761 3968 30
775 3919 871 3969 rustice
885 3919 1050 3983 adquiescunt
1060 3934 1145 3970 omncs
