<?xml version="1.0" encoding="UTF-8"?>
<!DOCTYPE html PUBLIC "-//W3C//DTD XHTML 1.0 Transitional//EN"
    "http://www.w3.org/TR/xhtml1/DTD/xhtml1-transitional.dtd">
<html xmlns="http://www.w3.org/1999/xhtml" xml:lang="en" lang="en">
 <head>
  <title>
</title>
<meta http-equiv="Content-Type" content="text/html;charset=utf-8" />
  <meta name='ocr-system' content='tesseract 3.04.00' />
  <meta name='ocr-capabilities' content='ocr_page ocr_carea ocr_par ocr_line ocrx_word'/>
</head>
<body>
  <div class='ocr_page' id='page_1' title='image "./satiraeetliberp00buecgoog_0102.png"; bbox 0 0 2860 4340; ppageno 0'>
   <div class='ocr_carea' id='block_1_1' title="bbox 608 91 1208 163">
    <p class='ocr_par' dir='ltr' id='par_1_1' title="bbox 608 91 1208 163">
     <span class='ocr_line' id='line_1_1' title="bbox 608 91 1208 163; baseline 0 -19"><span class='ocrx_word' id='word_1_1' title='bbox 608 91 750 163; x_wconf 71' lang='lat' dir='ltr'><strong>sthRall</strong></span> <span class='ocrx_word' id='word_1_2' title='bbox 1170 101 1208 162; x_wconf 80' lang='lat'><strong>91</strong></span> 
     </span>
    </p>
   </div>
   <div class='ocr_carea' id='block_1_2' title="bbox 87 247 1282 3504">
    <p class='ocr_par' dir='ltr' id='par_1_2' title="bbox 100 247 1212 587">
     <span class='ocr_line' id='line_1_2' title="bbox 100 247 1211 330; baseline 0.007 -24"><span class='ocrx_word' id='word_1_3' title='bbox 100 253 121 306; x_wconf 81' lang='lat' dir='ltr'><em>L</em></span> <span class='ocrx_word' id='word_1_4' title='bbox 142 247 233 330; x_wconf 86' lang='lat' dir='ltr'><strong>‘quid&#39;</strong></span> <span class='ocrx_word' id='word_1_5' title='bbox 250 248 365 312; x_wconf 81' lang='lat' dir='ltr'>aiebam</span> <span class='ocrx_word' id='word_1_6' title='bbox 381 248 415 311; x_wconf 87' lang='lat' dir='ltr'><strong>‘si</strong></span> <span class='ocrx_word' id='word_1_7' title='bbox 430 247 552 310; x_wconf 90' lang='lat' dir='ltr'><strong>callidus</strong></span> <span class='ocrx_word' id='word_1_8' title='bbox 568 253 700 326; x_wconf 87' lang='lat' dir='ltr'><strong>captator</strong></span> <span class='ocrx_word' id='word_1_9' title='bbox 721 247 937 330; x_wconf 80' lang='lat' dir='ltr'><strong>exploratorem</strong></span> <span class='ocrx_word' id='word_1_10' title='bbox 959 249 990 310; x_wconf 93' lang='lat' dir='ltr'><strong>in</strong></span> <span class='ocrx_word' id='word_1_11' title='bbox 1008 249 1211 314; x_wconf 77' lang='lat' dir='ltr'><strong>Africammi-</strong></span> 
     </span>
     <span class='ocr_line' id='line_1_3' title="bbox 139 332 1211 415; baseline 0.001 -15"><span class='ocrx_word' id='word_1_12' title='bbox 139 334 213 400; x_wconf 87' lang='lat' dir='ltr'><strong>serit</strong></span> <span class='ocrx_word' id='word_1_13' title='bbox 221 334 473 414; x_wconf 88' lang='lat' dir='ltr'><strong>mendaciumque</strong></span> <span class='ocrx_word' id='word_1_14' title='bbox 481 333 711 413; x_wconf 84' lang='lat' dir='ltr'><strong>deprehenderit</strong></span> <span class='ocrx_word' id='word_1_15' title='bbox 718 332 878 397; x_wconf 81' lang='lat' dir='ltr'><strong>nostrum?</strong></span> <span class='ocrx_word' id='word_1_16' title='bbox 902 335 982 415; x_wconf 87' lang='lat' dir='ltr'><strong>quid,</strong></span> <span class='ocrx_word' id='word_1_17' title='bbox 999 335 1023 396; x_wconf 93' lang='lat' dir='ltr'><strong>si</strong></span> <span class='ocrx_word' id='word_1_18' title='bbox 1033 336 1121 397; x_wconf 91' lang='lat' dir='ltr'><strong>etiam</strong></span> <span class='ocrx_word' id='word_1_19' title='bbox 1130 357 1211 401; x_wconf 92' lang='lat' dir='ltr'><strong>mer-</strong></span> 
     </span>
     <span class='ocr_line' id='line_1_4' title="bbox 139 419 1212 500; baseline 0 -14"><span class='ocrx_word' id='word_1_20' title='bbox 139 420 302 486; x_wconf 90' lang='lat' dir='ltr'><strong>cennarius</strong></span> <span class='ocrx_word' id='word_1_21' title='bbox 320 419 478 500; x_wconf 82' lang='lat' dir='ltr'>[Eumolpi]</span> <span class='ocrx_word' id='word_1_22' title='bbox 493 419 645 499; x_wconf 82' lang='lat' dir='ltr'><strong>praesenti</strong></span> <span class='ocrx_word' id='word_1_23' title='bbox 660 419 799 482; x_wconf 86' lang='lat' dir='ltr'><strong>felicitate</strong></span> <span class='ocrx_word' id='word_1_24' title='bbox 814 421 910 483; x_wconf 85' lang='lat' dir='ltr'><strong>lassus</strong></span> <span class='ocrx_word' id='word_1_25' title='bbox 924 419 1068 483; x_wconf 89' lang='lat' dir='ltr'><strong>indicium</strong></span> <span class='ocrx_word' id='word_1_26' title='bbox 1084 421 1120 483; x_wconf 88' lang='lat' dir='ltr'><strong>ad</strong></span> <span class='ocrx_word' id='word_1_27' title='bbox 1137 424 1212 496; x_wconf 85' lang='lat' dir='ltr'><strong>ami-</strong></span> 
     </span>
     <span class='ocr_line' id='line_1_5' title="bbox 140 504 1210 587; baseline 0 -17"><span class='ocrx_word' id='word_1_28' title='bbox 140 525 191 572; x_wconf 91' lang='lat' dir='ltr'><strong>cos</strong></span> <span class='ocrx_word' id='word_1_29' title='bbox 208 506 349 569; x_wconf 86' lang='lat' dir='ltr'><strong>detulerit</strong></span> <span class='ocrx_word' id='word_1_30' title='bbox 363 512 518 586; x_wconf 90' lang='lat' dir='ltr'><strong>totamque</strong></span> <span class='ocrx_word' id='word_1_31' title='bbox 529 504 672 566; x_wconf 86' lang='lat' dir='ltr'><strong>fallaciam</strong></span> <span class='ocrx_word' id='word_1_32' title='bbox 684 505 828 569; x_wconf 86' lang='lat' dir='ltr'><strong>invidiosa</strong></span> <span class='ocrx_word' id='word_1_33' title='bbox 849 506 1018 587; x_wconf 89' lang='lat' dir='ltr'><strong>proditione</strong></span> <span class='ocrx_word' id='word_1_34' title='bbox 1041 507 1210 572; x_wconf 78' lang='lat' dir='ltr'>detexerit?</span> 
     </span>
    </p>

    <p class='ocr_par' dir='ltr' id='par_1_3' title="bbox 105 585 1211 845">
     <span class='ocr_line' id='line_1_6' title="bbox 105 585 1210 675; baseline 0 -18"><span class='ocrx_word' id='word_1_35' title='bbox 105 605 121 656; x_wconf 83' lang='lat'><strong>5</strong></span> <span class='ocrx_word' id='word_1_36' title='bbox 140 611 254 672; x_wconf 84' lang='lat' dir='ltr'><strong>nempe</strong></span> <span class='ocrx_word' id='word_1_37' title='bbox 268 585 371 656; x_wconf 79' lang='lat' dir='ltr'><strong>rur&#39;sus</strong></span> <span class='ocrx_word' id='word_1_38' title='bbox 387 590 563 670; x_wconf 81' lang='lat' dir='ltr'><strong>fugiendum</strong></span> <span class='ocrx_word' id='word_1_39' title='bbox 587 590 644 652; x_wconf 88' lang='lat' dir='ltr'><strong>erit</strong></span> <span class='ocrx_word' id='word_1_40' title='bbox 667 599 697 653; x_wconf 91' lang='lat' dir='ltr'><strong>et</strong></span> <span class='ocrx_word' id='word_1_41' title='bbox 718 593 839 654; x_wconf 84' lang='lat' dir='ltr'><strong>tandem</strong></span> <span class='ocrx_word' id='word_1_42' title='bbox 863 600 1031 672; x_wconf 85' lang='lat' dir='ltr'><strong>expugnata</strong></span> <span class='ocrx_word' id='word_1_43' title='bbox 1050 604 1210 675; x_wconf 80' lang='lat' dir='ltr'><strong>paupertas</strong></span> 
     </span>
     <span class='ocr_line' id='line_1_7' title="bbox 140 676 1211 758; baseline 0.002 -16"><span class='ocrx_word' id='word_1_44' title='bbox 140 697 218 742; x_wconf 86' lang='lat' dir='ltr'><strong>nora</strong></span> <span class='ocrx_word' id='word_1_45' title='bbox 234 676 424 740; x_wconf 87' lang='lat' dir='ltr'><strong>mendicitate</strong></span> <span class='ocrx_word' id='word_1_46' title='bbox 450 676 625 739; x_wconf 87' lang='lat' dir='ltr'><strong>revocanda.</strong></span> <span class='ocrx_word' id='word_1_47' title='bbox 659 676 699 737; x_wconf 90' lang='lat' dir='ltr'><strong>dii</strong></span> <span class='ocrx_word' id='word_1_48' title='bbox 711 678 851 758; x_wconf 82' lang='lat' dir='ltr'><strong>deaeque,</strong></span> <span class='ocrx_word' id='word_1_49' title='bbox 879 697 969 758; x_wconf 93' lang='lat' dir='ltr'><strong>quam</strong></span> <span class='ocrx_word' id='word_1_50' title='bbox 981 679 1058 740; x_wconf 88' lang='lat' dir='ltr'><strong>male</strong></span> <span class='ocrx_word' id='word_1_51' title='bbox 1071 688 1116 741; x_wconf 91' lang='lat' dir='ltr'><strong>est</strong></span> <span class='ocrx_word' id='word_1_52' title='bbox 1128 688 1211 744; x_wconf 83' lang='lat' dir='ltr'><strong>extra</strong></span> 
     </span>
     <span class='ocr_line' id='line_1_8' title="bbox 140 761 1114 845; baseline 0 -19"><span class='ocrx_word' id='word_1_53' title='bbox 140 767 236 845; x_wconf 80' lang='lat' dir='ltr'><strong>legem</strong></span> <span class='ocrx_word' id='word_1_54' title='bbox 252 762 435 826; x_wconf 75' lang='lat' dir='ltr'><strong>urentibus:</strong></span> <span class='ocrx_word' id='word_1_55' title='bbox 453 761 592 843; x_wconf 90' lang='lat' dir='ltr'><strong>quicquid</strong></span> <span class='ocrx_word' id='word_1_56' title='bbox 608 771 794 838; x_wconf 78' lang='lat' dir='ltr'><strong>meruerunt,</strong></span> <span class='ocrx_word' id='word_1_57' title='bbox 812 781 930 844; x_wconf 87' lang='lat' dir='ltr'><strong>semper</strong></span> <span class='ocrx_word' id='word_1_58' title='bbox 947 764 1114 844; x_wconf 83' lang='lat' dir='ltr'><strong>expectant’</strong></span> 
     </span>
    </p>

    <p class='ocr_par' dir='ltr' id='par_1_4' title="bbox 139 873 1282 1103">
     <span class='ocr_line' id='line_1_9' title="bbox 396 873 681 910; baseline 0.004 -1"><span class='ocrx_word' id='word_1_59' title='bbox 396 893 400 895; x_wconf 90' lang='lat'>-</span> <span class='ocrx_word' id='word_1_60' title='bbox 661 873 681 910; x_wconf 76' lang='lat' dir='ltr'><strong>ll·</strong></span> 
     </span>
     <span class='ocr_line' id='line_1_10' title="bbox 228 933 1282 1016; baseline 0.003 -19"><span class='ocrx_word' id='word_1_61' title='bbox 228 933 307 1016; x_wconf 88' lang='lat' dir='ltr'><strong>‘quia</strong></span> <span class='ocrx_word' id='word_1_62' title='bbox 323 933 402 996; x_wconf 89' lang='lat' dir='ltr'><strong>nosti</strong></span> <span class='ocrx_word' id='word_1_63' title='bbox 418 951 558 996; x_wconf 85' lang='lat' dir='ltr'><strong>venerem</strong></span> <span class='ocrx_word' id='word_1_64' title='bbox 574 939 665 1008; x_wconf 88' lang='lat' dir='ltr'><strong>tuam,</strong></span> <span class='ocrx_word' id='word_1_65' title='bbox 681 934 853 1015; x_wconf 86' lang='lat' dir='ltr'><strong>superbiam</strong></span> <span class='ocrx_word' id='word_1_66' title='bbox 869 942 969 1014; x_wconf 88' lang='lat' dir='ltr'><strong>captas</strong></span> <span class='ocrx_word' id='word_1_67' title='bbox 976 934 1139 1016; x_wconf 79' lang='lat' dir='ltr'><strong>vendisque</strong></span> <span class='ocrx_word' id='word_1_68' title='bbox 1147 956 1210 1000; x_wconf 91' lang='lat' dir='ltr'><strong>am·</strong></span> <span class='ocrx_word' id='word_1_69' title='bbox 1222 937 1282 1000; x_wconf 80' lang='lat'><strong>126</strong></span> 
     </span>
     <span class='ocr_line' id='line_1_11' title="bbox 139 1019 1212 1103; baseline 0.005 -20"><span class='ocrx_word' id='word_1_70' title='bbox 139 1022 255 1103; x_wconf 84' lang='lat' dir='ltr'><strong>plexus,</strong></span> <span class='ocrx_word' id='word_1_71' title='bbox 271 1037 335 1082; x_wconf 92' lang='lat' dir='ltr'><strong>non</strong></span> <span class='ocrx_word' id='word_1_72' title='bbox 351 1020 532 1082; x_wconf 88' lang='lat' dir='ltr'><strong>commodas.</strong></span> <span class='ocrx_word' id='word_1_73' title='bbox 567 1038 626 1100; x_wconf 90' lang='lat' dir='ltr'><strong>quo</strong></span> <span class='ocrx_word' id='word_1_74' title='bbox 648 1019 727 1084; x_wconf 88' lang='lat' dir='ltr'><strong>enim</strong></span> <span class='ocrx_word' id='word_1_75' title='bbox 750 1028 887 1101; x_wconf 87' lang='lat' dir='ltr'><strong>spectant</strong></span> <span class='ocrx_word' id='word_1_76' title='bbox 906 1021 998 1084; x_wconf 83' lang='lat' dir='ltr'><strong>flexae</strong></span> <span class='ocrx_word' id='word_1_77' title='bbox 1019 1021 1139 1102; x_wconf 78' lang='lat' dir='ltr'><strong>pectine</strong></span> <span class='ocrx_word' id='word_1_78' title='bbox 1159 1043 1212 1088; x_wconf 90' lang='lat' dir='ltr'><strong>co-</strong></span> 
     </span>
    </p>

    <p class='ocr_par' dir='ltr' id='par_1_5' title="bbox 88 1104 1211 1533">
     <span class='ocr_line' id='line_1_12' title="bbox 88 1104 1210 1188; baseline 0.004 -22"><span class='ocrx_word' id='word_1_79' title='bbox 88 1115 121 1166; x_wconf 89' lang='lat'><strong>10</strong></span> <span class='ocrx_word' id='word_1_80' title='bbox 141 1127 220 1178; x_wconf 77' lang='lat' dir='ltr'><strong>mae,</strong></span> <span class='ocrx_word' id='word_1_81' title='bbox 236 1123 297 1186; x_wconf 92' lang='lat' dir='ltr'><strong>quo</strong></span> <span class='ocrx_word' id='word_1_82' title='bbox 311 1105 400 1168; x_wconf 84' lang='lat' dir='ltr'><strong>facies</strong></span> <span class='ocrx_word' id='word_1_83' title='bbox 416 1104 612 1168; x_wconf 84' lang='lat' dir='ltr'><strong>medicamine</strong></span> <span class='ocrx_word' id='word_1_84' title='bbox 626 1105 725 1168; x_wconf 86' lang='lat' dir='ltr'><strong>attrita</strong></span> <span class='ocrx_word' id='word_1_85' title='bbox 748 1113 778 1168; x_wconf 91' lang='lat' dir='ltr'><strong>et</strong></span> <span class='ocrx_word' id='word_1_86' title='bbox 799 1108 954 1170; x_wconf 90' lang='lat' dir='ltr'><strong>oculorum</strong></span> <span class='ocrx_word' id='word_1_87' title='bbox 974 1125 1093 1188; x_wconf 88' lang='lat' dir='ltr'><strong>quoque</strong></span> <span class='ocrx_word' id='word_1_88' title='bbox 1115 1110 1210 1172; x_wconf 90' lang='lat' dir='ltr'><strong>mollis</strong></span> 
     </span>
     <span class='ocr_line' id='line_1_13' title="bbox 139 1191 1210 1274; baseline 0 -18"><span class='ocrx_word' id='word_1_89' title='bbox 139 1191 315 1274; x_wconf 85' lang='lat' dir='ltr'><strong>petulentia,</strong></span> <span class='ocrx_word' id='word_1_90' title='bbox 337 1209 397 1272; x_wconf 93' lang='lat' dir='ltr'><strong>quo</strong></span> <span class='ocrx_word' id='word_1_91' title='bbox 411 1191 547 1253; x_wconf 88' lang='lat' dir='ltr'><strong>incessus</strong></span> <span class='ocrx_word' id='word_1_92' title='bbox 563 1199 627 1252; x_wconf 84' lang='lat' dir='ltr'><strong>arte</strong></span> <span class='ocrx_word' id='word_1_93' title='bbox 648 1191 829 1273; x_wconf 88' lang='lat' dir='ltr'><strong>compositus</strong></span> <span class='ocrx_word' id='word_1_94' title='bbox 853 1201 882 1254; x_wconf 92' lang='lat' dir='ltr'><strong>et</strong></span> <span class='ocrx_word' id='word_1_95' title='bbox 897 1212 935 1255; x_wconf 90' lang='lat' dir='ltr'><strong>ne</strong></span> <span class='ocrx_word' id='word_1_96' title='bbox 951 1193 1073 1274; x_wconf 83' lang='lat' dir='ltr'><strong>vestigia</strong></span> <span class='ocrx_word' id='word_1_97' title='bbox 1089 1195 1210 1274; x_wconf 89' lang='lat' dir='ltr'><strong>quidem</strong></span> 
     </span>
     <span class='ocr_line' id='line_1_14' title="bbox 138 1275 1210 1360; baseline 0.002 -19"><span class='ocrx_word' id='word_1_98' title='bbox 138 1279 253 1360; x_wconf 92' lang='lat' dir='ltr'><strong>pedum</strong></span> <span class='ocrx_word' id='word_1_99' title='bbox 269 1285 351 1340; x_wconf 84' lang='lat' dir='ltr'><strong>extra</strong></span> <span class='ocrx_word' id='word_1_100' title='bbox 366 1292 537 1338; x_wconf 88' lang='lat' dir='ltr'><strong>mensuram</strong></span> <span class='ocrx_word' id='word_1_101' title='bbox 549 1275 727 1352; x_wconf 88' lang='lat' dir='ltr'><strong>aberrantia,</strong></span> <span class='ocrx_word' id='word_1_102' title='bbox 743 1277 802 1340; x_wconf 91' lang='lat' dir='ltr'><strong>nisi</strong></span> <span class='ocrx_word' id='word_1_103' title='bbox 814 1278 894 1359; x_wconf 93' lang='lat' dir='ltr'><strong>quod</strong></span> <span class='ocrx_word' id='word_1_104' title='bbox 905 1279 1034 1341; x_wconf 87' lang='lat' dir='ltr'><strong>formam</strong></span> <span class='ocrx_word' id='word_1_105' title='bbox 1046 1280 1210 1358; x_wconf 82' lang='lat' dir='ltr'><strong>prostituis,</strong></span> 
     </span>
     <span class='ocr_line' id='line_1_15' title="bbox 140 1360 1211 1442; baseline 0.002 -16"><span class='ocrx_word' id='word_1_106' title='bbox 140 1373 174 1426; x_wconf 90' lang='lat' dir='ltr'><strong>nt</strong></span> <span class='ocrx_word' id='word_1_107' title='bbox 196 1360 333 1426; x_wconf 80' lang='lat' dir='ltr'><strong>vendas?</strong></span> <span class='ocrx_word' id='word_1_108' title='bbox 361 1363 444 1424; x_wconf 92' lang='lat' dir='ltr'><strong>vides</strong></span> <span class='ocrx_word' id='word_1_109' title='bbox 459 1381 521 1424; x_wconf 89' lang='lat' dir='ltr'><strong>me:</strong></span> <span class='ocrx_word' id='word_1_110' title='bbox 543 1381 601 1425; x_wconf 88' lang='lat' dir='ltr'><strong>nec</strong></span> <span class='ocrx_word' id='word_1_111' title='bbox 616 1364 737 1442; x_wconf 81' lang='lat' dir='ltr'><strong>auguria</strong></span> <span class='ocrx_word' id='word_1_112' title='bbox 759 1364 828 1426; x_wconf 92' lang='lat' dir='ltr'><strong>novi</strong></span> <span class='ocrx_word' id='word_1_113' title='bbox 854 1384 910 1426; x_wconf 87' lang='lat' dir='ltr'><strong>nec</strong></span> <span class='ocrx_word' id='word_1_114' title='bbox 932 1365 1211 1428; x_wconf 78' lang='lat' dir='ltr'><strong>mathematicorum</strong></span> 
     </span>
     <span class='ocr_line' id='line_1_16' title="bbox 142 1448 1210 1533; baseline 0.003 -22"><span class='ocrx_word' id='word_1_115' title='bbox 142 1451 259 1512; x_wconf 88' lang='lat' dir='ltr'><strong>caelum</strong></span> <span class='ocrx_word' id='word_1_116' title='bbox 275 1466 380 1511; x_wconf 88' lang='lat' dir='ltr'><strong>curare</strong></span> <span class='ocrx_word' id='word_1_117' title='bbox 395 1448 487 1521; x_wconf 86' lang='lat' dir='ltr'><strong>soleo,</strong></span> <span class='ocrx_word' id='word_1_118' title='bbox 505 1467 541 1510; x_wconf 84' lang='lat' dir='ltr'><strong>ex</strong></span> <span class='ocrx_word' id='word_1_119' title='bbox 555 1448 684 1510; x_wconf 88' lang='lat' dir='ltr'><strong>vultibus</strong></span> <span class='ocrx_word' id='word_1_120' title='bbox 699 1458 801 1512; x_wconf 91' lang='lat' dir='ltr'><strong>tamen</strong></span> <span class='ocrx_word' id='word_1_121' title='bbox 816 1450 971 1513; x_wconf 90' lang='lat' dir='ltr'><strong>hominum</strong></span> <span class='ocrx_word' id='word_1_122' title='bbox 985 1468 1083 1514; x_wconf 89' lang='lat' dir='ltr'><strong>mores</strong></span> <span class='ocrx_word' id='word_1_123' title='bbox 1096 1452 1210 1533; x_wconf 82' lang='lat' dir='ltr'><strong>colligo,</strong></span> 
     </span>
    </p>

    <p class='ocr_par' dir='ltr' id='par_1_6' title="bbox 90 1533 1255 1954">
     <span class='ocr_line' id='line_1_17' title="bbox 90 1533 1212 1615; baseline -0.001 -15"><span class='ocrx_word' id='word_1_124' title='bbox 90 1548 122 1600; x_wconf 78' lang='lat'><strong>15</strong></span> <span class='ocrx_word' id='word_1_125' title='bbox 143 1543 174 1598; x_wconf 87' lang='lat' dir='ltr'><strong>et</strong></span> <span class='ocrx_word' id='word_1_126' title='bbox 190 1537 259 1598; x_wconf 83' lang='lat' dir='ltr'><strong>cu&#39;m</strong></span> <span class='ocrx_word' id='word_1_127' title='bbox 275 1534 454 1615; x_wconf 89' lang='lat' dir='ltr'><strong>spatiantem</strong></span> <span class='ocrx_word' id='word_1_128' title='bbox 470 1533 538 1605; x_wconf 88' lang='lat' dir='ltr'><strong>vidi,</strong></span> <span class='ocrx_word' id='word_1_129' title='bbox 555 1534 627 1615; x_wconf 93' lang='lat' dir='ltr'><strong>quid</strong></span> <span class='ocrx_word' id='word_1_130' title='bbox 643 1536 751 1615; x_wconf 82' lang='lat' dir='ltr'><strong>cogitet</strong></span> <span class='ocrx_word' id='word_1_131' title='bbox 766 1535 837 1598; x_wconf 90' lang='lat' dir='ltr'><strong>scio.</strong></span> <span class='ocrx_word' id='word_1_132' title='bbox 872 1536 934 1598; x_wconf 84' lang='lat' dir='ltr'><strong>sive</strong></span> <span class='ocrx_word' id='word_1_133' title='bbox 950 1554 1019 1615; x_wconf 86' lang='lat' dir='ltr'><strong>ergo</strong></span> <span class='ocrx_word' id='word_1_134' title='bbox 1036 1536 1122 1599; x_wconf 91' lang='lat' dir='ltr'><strong>nobis</strong></span> <span class='ocrx_word' id='word_1_135' title='bbox 1137 1556 1212 1600; x_wconf 88' lang='lat' dir='ltr'><strong>ven-</strong></span> 
     </span>
     <span class='ocr_line' id='line_1_18' title="bbox 141 1621 1210 1703; baseline 0.004 -21"><span class='ocrx_word' id='word_1_136' title='bbox 141 1621 187 1684; x_wconf 91' lang='lat' dir='ltr'><strong>dis</strong></span> <span class='ocrx_word' id='word_1_137' title='bbox 204 1621 283 1703; x_wconf 93' lang='lat' dir='ltr'><strong>quod</strong></span> <span class='ocrx_word' id='word_1_138' title='bbox 299 1627 380 1700; x_wconf 91' lang='lat' dir='ltr'><strong>peto,</strong></span> <span class='ocrx_word' id='word_1_139' title='bbox 407 1627 554 1682; x_wconf 88' lang='lat' dir='ltr'><strong>mercator</strong></span> <span class='ocrx_word' id='word_1_140' title='bbox 573 1628 693 1701; x_wconf 87' lang='lat' dir='ltr'><strong>paratus</strong></span> <span class='ocrx_word' id='word_1_141' title='bbox 714 1629 769 1694; x_wconf 85' lang='lat' dir='ltr'><strong>est,</strong></span> <span class='ocrx_word' id='word_1_142' title='bbox 795 1621 856 1683; x_wconf 87' lang='lat' dir='ltr'><strong>sive</strong></span> <span class='ocrx_word' id='word_1_143' title='bbox 878 1621 958 1702; x_wconf 92' lang='lat' dir='ltr'><strong>quod</strong></span> <span class='ocrx_word' id='word_1_144' title='bbox 979 1622 1141 1684; x_wconf 91' lang='lat' dir='ltr'><strong>humanius</strong></span> <span class='ocrx_word' id='word_1_145' title='bbox 1156 1632 1210 1699; x_wconf 90' lang='lat' dir='ltr'><strong>est,</strong></span> 
     </span>
     <span class='ocr_line' id='line_1_19' title="bbox 141 1705 1255 1788; baseline 0.001 -19"><span class='ocrx_word' id='word_1_146' title='bbox 141 1707 327 1781; x_wconf 86' lang='lat' dir='ltr'><strong>commodas,</strong></span> <span class='ocrx_word' id='word_1_147' title='bbox 344 1705 427 1768; x_wconf 84' lang='lat' dir='ltr'><strong>effice</strong></span> <span class='ocrx_word' id='word_1_148' title='bbox 443 1713 476 1768; x_wconf 91' lang='lat' dir='ltr'><strong>ut</strong></span> <span class='ocrx_word' id='word_1_149' title='bbox 490 1705 669 1770; x_wconf 81' lang='lat' dir='ltr'><strong>beneficium</strong></span> <span class='ocrx_word' id='word_1_150' title='bbox 682 1707 850 1769; x_wconf 88' lang='lat' dir='ltr'><strong>debeamus.</strong></span> <span class='ocrx_word' id='word_1_151' title='bbox 874 1716 945 1769; x_wconf 85' lang='lat' dir='ltr'><strong>nam</strong></span> <span class='ocrx_word' id='word_1_152' title='bbox 957 1706 1037 1788; x_wconf 93' lang='lat' dir='ltr'><strong>quod</strong></span> <span class='ocrx_word' id='word_1_153' title='bbox 1049 1726 1170 1770; x_wconf 89' lang='lat' dir='ltr'><strong>serrum</strong></span> <span class='ocrx_word' id='word_1_154' title='bbox 1181 1721 1210 1770; x_wconf 86' lang='lat' dir='ltr'><strong>te</strong></span> <span class='ocrx_word' id='word_1_155' title='bbox 1252 1709 1255 1714; x_wconf 84' lang='lat'>&#39;</span> 
     </span>
     <span class='ocr_line' id='line_1_20' title="bbox 141 1791 1211 1872; baseline 0.002 -18"><span class='ocrx_word' id='word_1_156' title='bbox 141 1800 173 1854; x_wconf 89' lang='lat' dir='ltr'><strong>et</strong></span> <span class='ocrx_word' id='word_1_157' title='bbox 186 1792 331 1854; x_wconf 87' lang='lat' dir='ltr'><strong>humilem</strong></span> <span class='ocrx_word' id='word_1_158' title='bbox 345 1791 460 1864; x_wconf 86' lang='lat' dir='ltr'><strong>lateris,</strong></span> <span class='ocrx_word' id='word_1_159' title='bbox 476 1792 611 1854; x_wconf 88' lang='lat' dir='ltr'><strong>accendis</strong></span> <span class='ocrx_word' id='word_1_160' title='bbox 627 1792 804 1855; x_wconf 83' lang='lat' dir='ltr'><strong>desiderium</strong></span> <span class='ocrx_word' id='word_1_161' title='bbox 821 1793 989 1854; x_wconf 88' lang='lat' dir='ltr'><strong>aestuantis.</strong></span> <span class='ocrx_word' id='word_1_162' title='bbox 1020 1793 1164 1872; x_wconf 89' lang='lat' dir='ltr'><strong>quaedam</strong></span> <span class='ocrx_word' id='word_1_163' title='bbox 1177 1813 1211 1855; x_wconf 89' lang='lat' dir='ltr'><strong>e-</strong></span> 
     </span>
     <span class='ocr_line' id='line_1_21' title="bbox 140 1877 1213 1954; baseline 0.002 -14"><span class='ocrx_word' id='word_1_164' title='bbox 140 1879 205 1940; x_wconf 92' lang='lat' dir='ltr'><strong>nim</strong></span> <span class='ocrx_word' id='word_1_165' title='bbox 217 1877 347 1940; x_wconf 84' lang='lat' dir='ltr'><strong>feminae</strong></span> <span class='ocrx_word' id='word_1_166' title='bbox 362 1877 500 1940; x_wconf 88' lang='lat' dir='ltr'><strong>sordibus</strong></span> <span class='ocrx_word' id='word_1_167' title='bbox 521 1879 627 1952; x_wconf 88' lang='lat' dir='ltr'><strong>calent,</strong></span> <span class='ocrx_word' id='word_1_168' title='bbox 649 1896 706 1939; x_wconf 88' lang='lat' dir='ltr'><strong>nec</strong></span> <span class='ocrx_word' id='word_1_169' title='bbox 719 1877 873 1940; x_wconf 91' lang='lat' dir='ltr'><strong>libidinem</strong></span> <span class='ocrx_word' id='word_1_170' title='bbox 894 1878 1062 1954; x_wconf 87' lang='lat' dir='ltr'><strong>concitant,</strong></span> <span class='ocrx_word' id='word_1_171' title='bbox 1081 1879 1140 1942; x_wconf 83' lang='lat' dir='ltr'><strong>uisi</strong></span> <span class='ocrx_word' id='word_1_172' title='bbox 1160 1889 1213 1942; x_wconf 91' lang='lat' dir='ltr'><strong>aut</strong></span> 
     </span>
    </p>

    <p class='ocr_par' dir='ltr' id='par_1_7' title="bbox 87 1962 1212 2303">
     <span class='ocr_line' id='line_1_22' title="bbox 87 1962 1212 2028; baseline 0.001 -1"><span class='ocrx_word' id='word_1_173' title='bbox 87 1977 122 2027; x_wconf 87' lang='lat'><strong>20</strong></span> <span class='ocrx_word' id='word_1_174' title='bbox 142 1983 242 2027; x_wconf 88' lang='lat' dir='ltr'><strong>servos</strong></span> <span class='ocrx_word' id='word_1_175' title='bbox 254 1963 383 2025; x_wconf 83' lang='lat' dir='ltr'><strong>viderint</strong></span> <span class='ocrx_word' id='word_1_176' title='bbox 398 1971 448 2025; x_wconf 90' lang='lat' dir='ltr'><strong>aut</strong></span> <span class='ocrx_word' id='word_1_177' title='bbox 468 1969 593 2025; x_wconf 90' lang='lat' dir='ltr'><strong>statores</strong></span> <span class='ocrx_word' id='word_1_178' title='bbox 612 1962 699 2027; x_wconf 89' lang='lat' dir='ltr'><strong>altius</strong></span> <span class='ocrx_word' id='word_1_179' title='bbox 716 1963 838 2026; x_wconf 87' lang='lat' dir='ltr'><strong>cinctos.</strong></span> <span class='ocrx_word' id='word_1_180' title='bbox 861 1966 974 2026; x_wconf 89' lang='lat' dir='ltr'><strong>harena</strong></span> <span class='ocrx_word' id='word_1_181' title='bbox 990 1964 1062 2026; x_wconf 89' lang='lat' dir='ltr'><strong>alias</strong></span> <span class='ocrx_word' id='word_1_182' title='bbox 1078 1966 1212 2028; x_wconf 88' lang='lat' dir='ltr'><strong>accendit</strong></span> 
     </span>
     <span class='ocr_line' id='line_1_23' title="bbox 141 2049 1210 2130; baseline 0.003 -17"><span class='ocrx_word' id='word_1_183' title='bbox 141 2057 192 2113; x_wconf 90' lang='lat' dir='ltr'><strong>aut</strong></span> <span class='ocrx_word' id='word_1_184' title='bbox 206 2049 346 2130; x_wconf 81' lang='lat' dir='ltr'><strong>perfusus</strong></span> <span class='ocrx_word' id='word_1_185' title='bbox 362 2051 483 2130; x_wconf 87' lang='lat' dir='ltr'><strong>pulvere</strong></span> <span class='ocrx_word' id='word_1_186' title='bbox 498 2049 591 2110; x_wconf 92' lang='lat' dir='ltr'><strong>mulio</strong></span> <span class='ocrx_word' id='word_1_187' title='bbox 607 2057 657 2111; x_wconf 91' lang='lat' dir='ltr'><strong>aut</strong></span> <span class='ocrx_word' id='word_1_188' title='bbox 672 2049 777 2112; x_wconf 91' lang='lat' dir='ltr'><strong>histrio</strong></span> <span class='ocrx_word' id='word_1_189' title='bbox 794 2068 919 2112; x_wconf 87' lang='lat' dir='ltr'><strong>scaenae</strong></span> <span class='ocrx_word' id='word_1_190' title='bbox 935 2051 1134 2114; x_wconf 88' lang='lat' dir='ltr'><strong>ostentatione</strong></span> <span class='ocrx_word' id='word_1_191' title='bbox 1148 2059 1210 2116; x_wconf 84' lang='lat' dir='ltr'><strong>tra-</strong></span> 
     </span>
     <span class='ocr_line' id='line_1_24' title="bbox 141 2135 1210 2218; baseline 0.003 -20"><span class='ocrx_word' id='word_1_192' title='bbox 141 2137 259 2198; x_wconf 87' lang='lat' dir='ltr'><strong>ductus.</strong></span> <span class='ocrx_word' id='word_1_193' title='bbox 283 2155 319 2196; x_wconf 81' lang='lat' dir='ltr'><strong>ex</strong></span> <span class='ocrx_word' id='word_1_194' title='bbox 333 2136 390 2197; x_wconf 92' lang='lat' dir='ltr'><strong>hac</strong></span> <span class='ocrx_word' id='word_1_195' title='bbox 405 2142 474 2196; x_wconf 87' lang='lat' dir='ltr'><strong>nota</strong></span> <span class='ocrx_word' id='word_1_196' title='bbox 490 2135 613 2198; x_wconf 91' lang='lat' dir='ltr'><strong>domina</strong></span> <span class='ocrx_word' id='word_1_197' title='bbox 628 2143 673 2196; x_wconf 88' lang='lat' dir='ltr'><strong>est</strong></span> <span class='ocrx_word' id='word_1_198' title='bbox 689 2155 769 2198; x_wconf 90' lang='lat' dir='ltr'><strong>mea:</strong></span> <span class='ocrx_word' id='word_1_199' title='bbox 786 2155 883 2217; x_wconf 92' lang='lat' dir='ltr'><strong>usque</strong></span> <span class='ocrx_word' id='word_1_200' title='bbox 899 2137 936 2199; x_wconf 93' lang='lat' dir='ltr'><strong>ab</strong></span> <span class='ocrx_word' id='word_1_201' title='bbox 952 2138 1105 2200; x_wconf 85' lang='lat' dir='ltr'><strong>orchestra</strong></span> <span class='ocrx_word' id='word_1_202' title='bbox 1121 2146 1210 2218; x_wconf 88' lang='lat' dir='ltr'><strong>quat·</strong></span> 
     </span>
     <span class='ocr_line' id='line_1_25' title="bbox 140 2219 1174 2303; baseline -0.003 -17"><span class='ocrx_word' id='word_1_203' title='bbox 140 2220 309 2286; x_wconf 85' lang='lat' dir='ltr'><strong>tuordeeim</strong></span> <span class='ocrx_word' id='word_1_204' title='bbox 325 2220 453 2283; x_wconf 87' lang='lat' dir='ltr'><strong>transilit</strong></span> <span class='ocrx_word' id='word_1_205' title='bbox 467 2229 497 2284; x_wconf 87' lang='lat' dir='ltr'><strong>et</strong></span> <span class='ocrx_word' id='word_1_206' title='bbox 512 2219 545 2282; x_wconf 92' lang='lat' dir='ltr'><strong>in</strong></span> <span class='ocrx_word' id='word_1_207' title='bbox 560 2228 691 2283; x_wconf 84' lang='lat' dir='ltr'><strong>extrema</strong></span> <span class='ocrx_word' id='word_1_208' title='bbox 708 2222 793 2302; x_wconf 90' lang='lat' dir='ltr'><strong>plebe</strong></span> <span class='ocrx_word' id='word_1_209' title='bbox 809 2223 926 2303; x_wconf 89' lang='lat' dir='ltr'><strong>quaerit</strong></span> <span class='ocrx_word' id='word_1_210' title='bbox 941 2223 1020 2302; x_wconf 84' lang='lat' dir='ltr'><strong>quod</strong></span> <span class='ocrx_word' id='word_1_211' title='bbox 1037 2223 1174 2303; x_wconf 61' lang='lat' dir='ltr'><strong>diligat),</strong></span> 
     </span>
    </p>

    <p class='ocr_par' dir='ltr' id='par_1_8' title="bbox 228 2306 1210 2391">
     <span class='ocr_line' id='line_1_26' title="bbox 228 2306 1210 2391; baseline 0.006 -23"><span class='ocrx_word' id='word_1_212' title='bbox 228 2307 331 2391; x_wconf 90' lang='lat' dir='ltr'><strong>itaque</strong></span> <span class='ocrx_word' id='word_1_213' title='bbox 348 2306 479 2368; x_wconf 87' lang='lat' dir='ltr'><strong>oratioue</strong></span> <span class='ocrx_word' id='word_1_214' title='bbox 492 2306 682 2369; x_wconf 89' lang='lat' dir='ltr'><strong>blandissima</strong></span> <span class='ocrx_word' id='word_1_215' title='bbox 698 2309 805 2388; x_wconf 87' lang='lat' dir='ltr'><strong>plenus</strong></span> <span class='ocrx_word' id='word_1_216' title='bbox 818 2308 907 2388; x_wconf 84' lang='lat' dir='ltr'><strong>‘rogo’</strong></span> <span class='ocrx_word' id='word_1_217' title='bbox 917 2309 1040 2389; x_wconf 89' lang='lat' dir='ltr'><strong>inquam</strong></span> <span class='ocrx_word' id='word_1_218' title='bbox 1053 2310 1210 2390; x_wconf 78' lang='lat' dir='ltr'><strong>‘numquid</strong></span> 
     </span>
    </p>

    <p class='ocr_par' dir='ltr' id='par_1_9' title="bbox 90 2390 1213 2815">
     <span class='ocr_line' id='line_1_27' title="bbox 90 2390 1210 2476; baseline 0.002 -20"><span class='ocrx_word' id='word_1_219' title='bbox 90 2407 123 2457; x_wconf 75' lang='lat'><strong>25</strong></span> <span class='ocrx_word' id='word_1_220' title='bbox 142 2392 201 2465; x_wconf 85' lang='lat' dir='ltr'><strong>illa,</strong></span> <span class='ocrx_word' id='word_1_221' title='bbox 218 2408 294 2474; x_wconf 87' lang='lat' dir='ltr'><strong>quae</strong></span> <span class='ocrx_word' id='word_1_222' title='bbox 310 2398 459 2464; x_wconf 85' lang='lat' dir='ltr'><strong>meamet,</strong></span> <span class='ocrx_word' id='word_1_223' title='bbox 474 2400 507 2453; x_wconf 91' lang='lat' dir='ltr'><strong>tu</strong></span> <span class='ocrx_word' id='word_1_224' title='bbox 524 2390 586 2454; x_wconf 74' lang='lat' dir='ltr'><strong>esl&#39;</strong></span> <span class='ocrx_word' id='word_1_225' title='bbox 610 2394 738 2454; x_wconf 88' lang='lat' dir='ltr'><strong>multum</strong></span> <span class='ocrx_word' id='word_1_226' title='bbox 760 2394 827 2455; x_wconf 90' lang='lat' dir='ltr'><strong>risit</strong></span> <span class='ocrx_word' id='word_1_227' title='bbox 842 2395 946 2456; x_wconf 89' lang='lat' dir='ltr'><strong>aneilla</strong></span> <span class='ocrx_word' id='word_1_228' title='bbox 961 2403 1031 2474; x_wconf 86' lang='lat' dir='ltr'><strong>post</strong></span> <span class='ocrx_word' id='word_1_229' title='bbox 1050 2401 1111 2456; x_wconf 89' lang='lat' dir='ltr'><strong>tam</strong></span> <span class='ocrx_word' id='word_1_230' title='bbox 1127 2396 1210 2476; x_wconf 83' lang='lat' dir='ltr'><strong>frigi-</strong></span> 
     </span>
     <span class='ocr_line' id='line_1_28' title="bbox 143 2477 1212 2560; baseline 0.003 -19"><span class='ocrx_word' id='word_1_231' title='bbox 143 2480 216 2542; x_wconf 93' lang='lat' dir='ltr'><strong>dum</strong></span> <span class='ocrx_word' id='word_1_232' title='bbox 232 2479 352 2540; x_wconf 91' lang='lat' dir='ltr'><strong>schema</strong></span> <span class='ocrx_word' id='word_1_233' title='bbox 368 2487 398 2540; x_wconf 91' lang='lat' dir='ltr'><strong>et</strong></span> <span class='ocrx_word' id='word_1_234' title='bbox 413 2477 501 2540; x_wconf 85' lang='lat' dir='ltr'><strong>‘nolo’</strong></span> <span class='ocrx_word' id='word_1_235' title='bbox 517 2479 615 2560; x_wconf 87' lang='lat' dir='ltr'><strong>inquit</strong></span> <span class='ocrx_word' id='word_1_236' title='bbox 631 2477 692 2539; x_wconf 85' lang='lat' dir='ltr'><strong>‘tibi</strong></span> <span class='ocrx_word' id='word_1_237' title='bbox 708 2486 769 2540; x_wconf 83' lang='lat' dir='ltr'><strong>tam</strong></span> <span class='ocrx_word' id='word_1_238' title='bbox 785 2480 867 2541; x_wconf 88' lang='lat' dir='ltr'><strong>valde</strong></span> <span class='ocrx_word' id='word_1_239' title='bbox 882 2480 1004 2558; x_wconf 85' lang='lat' dir='ltr'><strong>placeas.</strong></span> <span class='ocrx_word' id='word_1_240' title='bbox 1043 2498 1098 2558; x_wconf 83' lang='lat' dir='ltr'><strong>ego</strong></span> <span class='ocrx_word' id='word_1_241' title='bbox 1115 2482 1212 2545; x_wconf 88' lang='lat' dir='ltr'><strong>adhuc</strong></span> 
     </span>
     <span class='ocr_line' id='line_1_29' title="bbox 142 2562 1211 2645; baseline 0.003 -19"><span class='ocrx_word' id='word_1_242' title='bbox 142 2582 230 2626; x_wconf 88' lang='lat' dir='ltr'><strong>servo</strong></span> <span class='ocrx_word' id='word_1_243' title='bbox 246 2582 400 2645; x_wconf 90' lang='lat' dir='ltr'><strong>nunquam</strong></span> <span class='ocrx_word' id='word_1_244' title='bbox 418 2565 570 2636; x_wconf 89' lang='lat' dir='ltr'><strong>succubui,</strong></span> <span class='ocrx_word' id='word_1_245' title='bbox 586 2583 642 2625; x_wconf 90' lang='lat' dir='ltr'><strong>nec</strong></span> <span class='ocrx_word' id='word_1_246' title='bbox 656 2562 715 2624; x_wconf 91' lang='lat' dir='ltr'><strong>hoc</strong></span> <span class='ocrx_word' id='word_1_247' title='bbox 730 2564 769 2625; x_wconf 91' lang='lat' dir='ltr'><strong>dii</strong></span> <span class='ocrx_word' id='word_1_248' title='bbox 784 2564 893 2636; x_wconf 90' lang='lat' dir='ltr'><strong>sinant,</strong></span> <span class='ocrx_word' id='word_1_249' title='bbox 909 2572 943 2625; x_wconf 90' lang='lat' dir='ltr'><strong>ut</strong></span> <span class='ocrx_word' id='word_1_250' title='bbox 958 2564 1112 2643; x_wconf 84' lang='lat' dir='ltr'><strong>amplexus</strong></span> <span class='ocrx_word' id='word_1_251' title='bbox 1127 2585 1211 2629; x_wconf 89' lang='lat' dir='ltr'><strong>meos</strong></span> 
     </span>
     <span class='ocr_line' id='line_1_30' title="bbox 142 2649 1211 2732; baseline 0.004 -21"><span class='ocrx_word' id='word_1_252' title='bbox 142 2650 174 2711; x_wconf 91' lang='lat' dir='ltr'><strong>in</strong></span> <span class='ocrx_word' id='word_1_253' title='bbox 190 2667 310 2711; x_wconf 90' lang='lat' dir='ltr'><strong>crucem</strong></span> <span class='ocrx_word' id='word_1_254' title='bbox 325 2649 449 2712; x_wconf 88' lang='lat' dir='ltr'><strong>mittam.</strong></span> <span class='ocrx_word' id='word_1_255' title='bbox 484 2649 610 2712; x_wconf 86' lang='lat' dir='ltr'><strong>viderint</strong></span> <span class='ocrx_word' id='word_1_256' title='bbox 625 2656 788 2721; x_wconf 88' lang='lat' dir='ltr'><strong>matronae,</strong></span> <span class='ocrx_word' id='word_1_257' title='bbox 804 2668 880 2731; x_wconf 89' lang='lat' dir='ltr'><strong>quae</strong></span> <span class='ocrx_word' id='word_1_258' title='bbox 892 2649 1075 2730; x_wconf 84' lang='lat' dir='ltr'><strong>flagellorum</strong></span> <span class='ocrx_word' id='word_1_259' title='bbox 1090 2653 1211 2732; x_wconf 80' lang='lat' dir='ltr'><strong>vestigia</strong></span> 
     </span>
     <span class='ocr_line' id='line_1_31' title="bbox 143 2735 1213 2815; baseline 0.003 -17"><span class='ocrx_word' id='word_1_260' title='bbox 143 2737 337 2811; x_wconf 82' lang='lat' dir='ltr'><strong>osculantur3</strong></span> <span class='ocrx_word' id='word_1_261' title='bbox 362 2754 415 2814; x_wconf 83' lang='lat' dir='ltr'><strong>ego</strong></span> <span class='ocrx_word' id='word_1_262' title='bbox 432 2737 519 2798; x_wconf 88' lang='lat' dir='ltr'><strong>etiarn</strong></span> <span class='ocrx_word' id='word_1_263' title='bbox 534 2737 560 2796; x_wconf 90' lang='lat' dir='ltr'><strong>si</strong></span> <span class='ocrx_word' id='word_1_264' title='bbox 576 2735 680 2798; x_wconf 88' lang='lat' dir='ltr'><strong>ancilla</strong></span> <span class='ocrx_word' id='word_1_265' title='bbox 696 2739 772 2808; x_wconf 85' lang='lat' dir='ltr'><strong>sum,</strong></span> <span class='ocrx_word' id='word_1_266' title='bbox 800 2754 954 2815; x_wconf 89' lang='lat' dir='ltr'><strong>uunquam</strong></span> <span class='ocrx_word' id='word_1_267' title='bbox 980 2743 1082 2798; x_wconf 88' lang='lat' dir='ltr'><strong>tamen</strong></span> <span class='ocrx_word' id='word_1_268' title='bbox 1103 2737 1162 2799; x_wconf 91' lang='lat' dir='ltr'><strong>nisi</strong></span> <span class='ocrx_word' id='word_1_269' title='bbox 1181 2738 1213 2801; x_wconf 90' lang='lat' dir='ltr'><strong>in</strong></span> 
     </span>
    </p>

    <p class='ocr_par' dir='ltr' id='par_1_10' title="bbox 90 2821 1214 3074">
     <span class='ocr_line' id='line_1_32' title="bbox 90 2821 1214 2902; baseline 0.002 -18"><span class='ocrx_word' id='word_1_270' title='bbox 90 2839 124 2890; x_wconf 84' lang='lat' dir='ltr'><strong>ao</strong></span> <span class='ocrx_word' id='word_1_271' title='bbox 143 2821 334 2902; x_wconf 87' lang='lat' dir='ltr'><strong>equestribus</strong></span> <span class='ocrx_word' id='word_1_272' title='bbox 349 2823 458 2884; x_wconf 87' lang='lat' dir='ltr'><strong>sedeo&#39;.</strong></span> <span class='ocrx_word' id='word_1_273' title='bbox 501 2822 601 2884; x_wconf 90' lang='lat' dir='ltr'><strong>mirari</strong></span> <span class='ocrx_word' id='word_1_274' title='bbox 627 2821 766 2902; x_wconf 89' lang='lat' dir='ltr'><strong>equidem</strong></span> <span class='ocrx_word' id='word_1_275' title='bbox 788 2829 849 2884; x_wconf 92' lang='lat' dir='ltr'><strong>tam</strong></span> <span class='ocrx_word' id='word_1_276' title='bbox 872 2822 1040 2884; x_wconf 86' lang='lat' dir='ltr'><strong>discordem</strong></span> <span class='ocrx_word' id='word_1_277' title='bbox 1061 2822 1214 2886; x_wconf 87' lang='lat' dir='ltr'><strong>libidinem</strong></span> 
     </span>
     <span class='ocr_line' id='line_1_33' title="bbox 142 2907 1213 2988; baseline -0.001 -16"><span class='ocrx_word' id='word_1_278' title='bbox 142 2907 229 2988; x_wconf 88' lang='lat' dir='ltr'><strong>coepi</strong></span> <span class='ocrx_word' id='word_1_279' title='bbox 244 2913 333 2987; x_wconf 89' lang='lat' dir='ltr'><strong>atque</strong></span> <span class='ocrx_word' id='word_1_280' title='bbox 348 2907 428 2970; x_wconf 89' lang='lat' dir='ltr'><strong>inter</strong></span> <span class='ocrx_word' id='word_1_281' title='bbox 443 2914 576 2970; x_wconf 86' lang='lat' dir='ltr'><strong>monstra</strong></span> <span class='ocrx_word' id='word_1_282' title='bbox 593 2925 759 2981; x_wconf 87' lang='lat' dir='ltr'><strong>numerare,</strong></span> <span class='ocrx_word' id='word_1_283' title='bbox 782 2911 861 2988; x_wconf 93' lang='lat' dir='ltr'><strong>quod</strong></span> <span class='ocrx_word' id='word_1_284' title='bbox 883 2907 987 2970; x_wconf 89' lang='lat' dir='ltr'><strong>ancilla</strong></span> <span class='ocrx_word' id='word_1_285' title='bbox 1010 2907 1134 2971; x_wconf 89' lang='lat' dir='ltr'><strong>haberet</strong></span> <span class='ocrx_word' id='word_1_286' title='bbox 1149 2928 1213 2972; x_wconf 90' lang='lat' dir='ltr'><strong>ma-</strong></span> 
     </span>
     <span class='ocr_line' id='line_1_34' title="bbox 141 2991 997 3074; baseline 0 -20"><span class='ocrx_word' id='word_1_287' title='bbox 141 3002 250 3056; x_wconf 86' lang='lat' dir='ltr'><strong>tronae</strong></span> <span class='ocrx_word' id='word_1_288' title='bbox 265 2991 436 3074; x_wconf 90' lang='lat' dir='ltr'><strong>superbiam</strong></span> <span class='ocrx_word' id='word_1_289' title='bbox 453 3001 484 3055; x_wconf 86' lang='lat' dir='ltr'><strong>et</strong></span> <span class='ocrx_word' id='word_1_290' title='bbox 498 3001 637 3057; x_wconf 87' lang='lat' dir='ltr'><strong>matrona</strong></span> <span class='ocrx_word' id='word_1_291' title='bbox 651 2992 773 3055; x_wconf 89' lang='lat' dir='ltr'><strong>ancillae</strong></span> <span class='ocrx_word' id='word_1_292' title='bbox 788 2993 997 3056; x_wconf 87' lang='lat' dir='ltr'><strong>humilitatem.</strong></span> 
     </span>
    </p>

    <p class='ocr_par' dir='ltr' id='par_1_11' title="bbox 87 3075 1214 3504">
     <span class='ocr_line' id='line_1_35' title="bbox 87 3075 1213 3162; baseline 0.001 -22"><span class='ocrx_word' id='word_1_293' title='bbox 87 3088 131 3142; x_wconf 83' lang='lat' dir='ltr'><strong>Lo</strong></span> <span class='ocrx_word' id='word_1_294' title='bbox 205 3075 209 3162; x_wconf 93' lang='grc'>1</span> <span class='ocrx_word' id='word_1_295' title='bbox 230 3077 463 3160; x_wconf 87' lang='lat' dir='ltr'><strong>procedentibus</strong></span> <span class='ocrx_word' id='word_1_296' title='bbox 475 3079 582 3142; x_wconf 89' lang='lat' dir='ltr'><strong>deinde</strong></span> <span class='ocrx_word' id='word_1_297' title='bbox 595 3078 791 3158; x_wconf 85' lang='lat' dir='ltr'><strong>longiusiocis</strong></span> <span class='ocrx_word' id='word_1_298' title='bbox 803 3079 1054 3160; x_wconf 76' lang='lat' dir='ltr'><strong>rogaviancillam</strong></span> <span class='ocrx_word' id='word_1_299' title='bbox 1070 3079 1213 3159; x_wconf 84' lang='lat' dir='ltr'><strong>utinpla·</strong></span> 
     </span>
     <span class='ocr_line' id='line_1_36' title="bbox 142 3165 1214 3247; baseline 0.002 -21"><span class='ocrx_word' id='word_1_300' title='bbox 142 3171 257 3226; x_wconf 86' lang='lat' dir='ltr'><strong>tanona</strong></span> <span class='ocrx_word' id='word_1_301' title='bbox 272 3165 447 3244; x_wconf 89' lang='lat' dir='ltr'><strong>perduceret</strong></span> <span class='ocrx_word' id='word_1_302' title='bbox 462 3166 624 3228; x_wconf 90' lang='lat' dir='ltr'><strong>dominam.</strong></span> <span class='ocrx_word' id='word_1_303' title='bbox 658 3165 767 3247; x_wconf 89' lang='lat' dir='ltr'><strong>placuit</strong></span> <span class='ocrx_word' id='word_1_304' title='bbox 781 3168 896 3246; x_wconf 88' lang='lat' dir='ltr'><strong>puellae</strong></span> <span class='ocrx_word' id='word_1_305' title='bbox 911 3165 1079 3228; x_wconf 89' lang='lat' dir='ltr'><strong>consilium.</strong></span> <span class='ocrx_word' id='word_1_306' title='bbox 1112 3165 1214 3247; x_wconf 89' lang='lat' dir='ltr'><strong>itaque</strong></span> 
     </span>
     <span class='ocr_line' id='line_1_37' title="bbox 93 3249 1213 3333; baseline 0.002 -21"><span class='ocrx_word' id='word_1_307' title='bbox 93 3263 125 3313; x_wconf 75' lang='lat' dir='ltr'><strong>aa</strong></span> <span class='ocrx_word' id='word_1_308' title='bbox 143 3249 261 3329; x_wconf 81' lang='lat' dir='ltr'><strong>collegit</strong></span> <span class='ocrx_word' id='word_1_309' title='bbox 275 3251 363 3312; x_wconf 87' lang='lat' dir='ltr'><strong>altius</strong></span> <span class='ocrx_word' id='word_1_310' title='bbox 378 3250 510 3314; x_wconf 92' lang='lat' dir='ltr'><strong>tunicam</strong></span> <span class='ocrx_word' id='word_1_311' title='bbox 526 3253 663 3333; x_wconf 84' lang='lat' dir='ltr'><strong>flexitque</strong></span> <span class='ocrx_word' id='word_1_312' title='bbox 679 3269 711 3311; x_wconf 89' lang='lat' dir='ltr'><strong>se</strong></span> <span class='ocrx_word' id='word_1_313' title='bbox 727 3250 758 3311; x_wconf 91' lang='lat' dir='ltr'><strong>in</strong></span> <span class='ocrx_word' id='word_1_314' title='bbox 774 3270 842 3313; x_wconf 90' lang='lat' dir='ltr'><strong>eum</strong></span> <span class='ocrx_word' id='word_1_315' title='bbox 859 3252 1024 3331; x_wconf 82' lang='lat' dir='ltr'><strong>daphnona,</strong></span> <span class='ocrx_word' id='word_1_316' title='bbox 1040 3250 1091 3331; x_wconf 90' lang='lat' dir='ltr'><strong>qui</strong></span> <span class='ocrx_word' id='word_1_317' title='bbox 1107 3251 1213 3314; x_wconf 84' lang='lat' dir='ltr'><strong>ambu-</strong></span> 
     </span>
     <span class='ocr_line' id='line_1_38' title="bbox 143 3336 1212 3418; baseline 0.003 -21"><span class='ocrx_word' id='word_1_318' title='bbox 143 3336 248 3398; x_wconf 87' lang='lat' dir='ltr'><strong>lationi</strong></span> <span class='ocrx_word' id='word_1_319' title='bbox 263 3336 412 3399; x_wconf 86' lang='lat' dir='ltr'><strong>haerebat.</strong></span> <span class='ocrx_word' id='word_1_320' title='bbox 446 3355 502 3400; x_wconf 91' lang='lat' dir='ltr'><strong>nec</strong></span> <span class='ocrx_word' id='word_1_321' title='bbox 518 3338 568 3400; x_wconf 93' lang='lat' dir='ltr'><strong>din</strong></span> <span class='ocrx_word' id='word_1_322' title='bbox 590 3345 704 3400; x_wconf 88' lang='lat' dir='ltr'><strong>morata</strong></span> <span class='ocrx_word' id='word_1_323' title='bbox 726 3336 878 3400; x_wconf 91' lang='lat' dir='ltr'><strong>dominam</strong></span> <span class='ocrx_word' id='word_1_324' title='bbox 899 3337 1037 3418; x_wconf 87' lang='lat' dir='ltr'><strong>producit</strong></span> <span class='ocrx_word' id='word_1_325' title='bbox 1058 3357 1074 3397; x_wconf 91' lang='lat' dir='ltr'><strong>e</strong></span> <span class='ocrx_word' id='word_1_326' title='bbox 1093 3336 1212 3400; x_wconf 88' lang='lat' dir='ltr'><strong>latebris</strong></span> 
     </span>
     <span class='ocr_line' id='line_1_39' title="bbox 143 3421 1212 3504; baseline 0.004 -22"><span class='ocrx_word' id='word_1_327' title='bbox 143 3421 288 3502; x_wconf 87' lang='lat' dir='ltr'><strong>laterique</strong></span> <span class='ocrx_word' id='word_1_328' title='bbox 304 3440 371 3484; x_wconf 92' lang='lat' dir='ltr'><strong>meo</strong></span> <span class='ocrx_word' id='word_1_329' title='bbox 394 3422 520 3504; x_wconf 89' lang='lat' dir='ltr'><strong>applicat</strong></span> <span class='ocrx_word' id='word_1_330' title='bbox 539 3425 695 3487; x_wconf 88' lang='lat' dir='ltr'><strong>mulierem</strong></span> <span class='ocrx_word' id='word_1_331' title='bbox 719 3423 858 3486; x_wconf 91' lang='lat' dir='ltr'><strong>omnibus</strong></span> <span class='ocrx_word' id='word_1_332' title='bbox 878 3422 1046 3486; x_wconf 88' lang='lat' dir='ltr'><strong>simulacris</strong></span> <span class='ocrx_word' id='word_1_333' title='bbox 1071 3423 1212 3486; x_wconf 88' lang='lat' dir='ltr'><strong>emenda-</strong></span> 
     </span>
    </p>
   </div>
   <div class='ocr_carea' id='block_1_3' title="bbox 143 3653 1212 3932">
    <p class='ocr_par' dir='ltr' id='par_1_12' title="bbox 143 3653 1212 3932">
     <span class='ocr_line' id='line_1_40' title="bbox 214 3653 1212 3725; baseline -0.001 -17"><span class='ocrx_word' id='word_1_334' title='bbox 214 3653 369 3708; x_wconf 77' lang='lat' dir='ltr'><strong>eadteuem</strong></span> <span class='ocrx_word' id='word_1_335' title='bbox 388 3655 494 3725; x_wconf 81' lang='lat' dir='ltr'><strong>Chrysis</strong></span> <span class='ocrx_word' id='word_1_336' title='bbox 512 3656 607 3708; x_wconf 86' lang='lat' dir='ltr'><strong>aneilla</strong></span> <span class='ocrx_word' id='word_1_337' title='bbox 623 3656 712 3708; x_wconf 84' lang='lat' dir='ltr'><strong>Circes</strong></span> <span class='ocrx_word' id='word_1_338' title='bbox 729 3657 760 3708; x_wconf 87' lang='lat' dir='ltr'><strong>ad</strong></span> <span class='ocrx_word' id='word_1_339' title='bbox 776 3654 931 3723; x_wconf 85' lang='lat' dir='ltr'><strong>Polyaenum</strong></span> <span class='ocrx_word' id='word_1_340' title='bbox 944 3655 953 3725; x_wconf 95' lang='grc'><strong>11</strong></span> <span class='ocrx_word' id='word_1_341' title='bbox 967 3654 1138 3708; x_wconf 88' lang='lat' dir='ltr'><strong>9·eommodos</strong></span> <span class='ocrx_word' id='word_1_342' title='bbox 1152 3653 1161 3722; x_wconf 95' lang='grc'><strong>11</strong></span> <span class='ocrx_word' id='word_1_343' title='bbox 1181 3655 1212 3707; x_wconf 86' lang='grc'><strong>10</strong></span> 
     </span>
     <span class='ocr_line' id='line_1_41' title="bbox 144 3721 1210 3796; baseline -0.001 -20"><span class='ocrx_word' id='word_1_344' title='bbox 144 3740 242 3796; x_wconf 88' lang='lat' dir='ltr'><strong>qnoque</strong></span> <span class='ocrx_word' id='word_1_345' title='bbox 259 3721 392 3776; x_wconf 80' lang='lat' dir='ltr'><strong>delendum</strong></span> <span class='ocrx_word' id='word_1_346' title='bbox 404 3730 467 3793; x_wconf 86' lang='lat' dir='ltr'><strong>puto</strong></span> <span class='ocrx_word' id='word_1_347' title='bbox 480 3722 489 3792; x_wconf 92' lang='grc'><strong>11</strong></span> <span class='ocrx_word' id='word_1_348' title='bbox 512 3725 540 3774; x_wconf 84' lang='grc'><strong>11</strong></span> <span class='ocrx_word' id='word_1_349' title='bbox 565 3727 631 3789; x_wconf 85' lang='lat' dir='ltr'><strong>arte]</strong></span> <span class='ocrx_word' id='word_1_350' title='bbox 652 3731 708 3776; x_wconf 88' lang='lat' dir='ltr'><strong>tuta</strong></span> <span class='ocrx_word' id='word_1_351' title='bbox 728 3722 736 3791; x_wconf 97' lang='grc'><strong>11</strong></span> <span class='ocrx_word' id='word_1_352' title='bbox 757 3724 787 3774; x_wconf 85' lang='grc'><strong>15</strong></span> <span class='ocrx_word' id='word_1_353' title='bbox 804 3725 902 3789; x_wconf 81' lang='lat' dir='ltr'><strong>cogites</strong></span> <span class='ocrx_word' id='word_1_354' title='bbox 916 3724 925 3793; x_wconf 95' lang='grc'><strong>11</strong></span> <span class='ocrx_word' id='word_1_355' title='bbox 940 3727 971 3779; x_wconf 79' lang='lat' dir='ltr'><strong>t&#39;l</strong></span> <span class='ocrx_word' id='word_1_356' title='bbox 989 3721 1114 3791; x_wconf 68' lang='lat' dir='ltr'><strong>debeamll</strong></span> <span class='ocrx_word' id='word_1_357' title='bbox 1133 3723 1210 3776; x_wconf 78' lang='lat'>1911-</span> 
     </span>
     <span class='ocr_line' id='line_1_42' title="bbox 143 3791 1210 3861; baseline -0.001 -17"><span class='ocrx_word' id='word_1_358' title='bbox 143 3791 229 3848; x_wconf 85' lang='lat' dir='ltr'><strong>bidine</strong></span> <span class='ocrx_word' id='word_1_359' title='bbox 242 3793 406 3845; x_wconf 86' lang='lat' dir='ltr'><strong>concitantur</strong></span> <span class='ocrx_word' id='word_1_360' title='bbox 421 3791 576 3846; x_wconf 75' lang='lat' dir='ltr'><strong>Tornaesius</strong></span> <span class='ocrx_word' id='word_1_361' title='bbox 590 3791 824 3861; x_wconf 69' lang='lat' dir='ltr'><strong>quaerimusque</strong></span> <span class='ocrx_word' id='word_1_362' title='bbox 838 3793 904 3845; x_wconf 87' lang='lat' dir='ltr'><strong>iocis</strong></span> <span class='ocrx_word' id='word_1_363' title='bbox 916 3809 965 3846; x_wconf 78' lang='lat' dir='ltr'><strong>one</strong></span> <span class='ocrx_word' id='word_1_364' title='bbox 980 3794 1000 3846; x_wconf 89' lang='lat'><strong><em>0</em></strong></span> <span class='ocrx_word' id='word_1_365' title='bbox 1014 3793 1019 3860; x_wconf 97' lang='grc'>1</span> <span class='ocrx_word' id='word_1_366' title='bbox 1034 3793 1152 3844; x_wconf 85' lang='lat' dir='ltr'><strong>ancillam</strong></span> <span class='ocrx_word' id='word_1_367' title='bbox 1162 3808 1210 3844; x_wconf 87' lang='lat' dir='ltr'><strong>om.</strong></span> 
     </span>
     <span class='ocr_line' id='line_1_43' title="bbox 144 3859 789 3932; baseline 0 -20"><span class='ocrx_word' id='word_1_368' title='bbox 144 3859 166 3912; x_wconf 83' lang='lat' dir='ltr'><strong><em>L</em></strong></span> <span class='ocrx_word' id='word_1_369' title='bbox 178 3863 187 3932; x_wconf 97' lang='grc'><strong>11</strong></span> <span class='ocrx_word' id='word_1_370' title='bbox 201 3865 234 3916; x_wconf 82' lang='grc'><strong>34</strong></span> <span class='ocrx_word' id='word_1_371' title='bbox 245 3863 400 3930; x_wconf 85' lang='lat' dir='ltr'><strong>produceret</strong></span> <span class='ocrx_word' id='word_1_372' title='bbox 413 3861 433 3912; x_wconf 82' lang='lat' dir='ltr'><em>L</em></span> <span class='ocrx_word' id='word_1_373' title='bbox 445 3859 454 3929; x_wconf 94' lang='grc'><strong>11</strong></span> <span class='ocrx_word' id='word_1_374' title='bbox 468 3861 500 3913; x_wconf 85' lang='grc'><strong>36</strong></span> <span class='ocrx_word' id='word_1_375' title='bbox 505 3862 626 3928; x_wconf 75' lang='lat' dir='ltr'><strong>sortarse</strong></span> <span class='ocrx_word' id='word_1_376' title='bbox 637 3861 789 3913; x_wconf 77' lang='lat' dir='ltr'><strong>adhaerebat</strong></span> 
     </span>
    </p>
   </div>
   <div class='ocr_carea' id='block_1_4' title="bbox 0 0 1439 4340">
    <p class='ocr_par' dir='ltr' id='par_1_13' title="bbox 0 0 1439 4340">
     <span class='ocr_line' id='line_1_44' title="bbox 0 0 1439 4340; baseline 0 0"><span class='ocrx_word' id='word_1_377' title='bbox 0 0 1439 4340; x_wconf 95' lang='lat' dir='ltr'><strong> </strong></span> 
     </span>
    </p>
   </div>
  </div>
 </body>
</html>
