2838 4348
643 149 837 232 usuureue

674 331 804 388 eYest

630 422 709 492 περὶ
735 420 844 489 ταφῆς

701 522 714 582 1
730 522 775 599 (r)

94 611 116 646 ·’
154 639 186 690 79
408 626 458 683 tua
473 620 583 702 te'mpla
599 621 634 683 ad
649 621 706 683 alta
720 621 781 682 iani
796 620 959 702 properins
975 622 1051 684 cilum
1066 621 1141 684 itere

695 725 721 786 ll
742 724 787 802 (3)

153 833 185 886 80
309 823 437 904 denique
451 823 477 886 si
492 824 668 886 vestimenta
685 825 712 886 ei
727 842 802 905 opus
813 830 885 887 suut
896 843 971 904 quae
982 825 1053 899 iere,
1069 843 1123 886 our
1135 825 1278 888 consciu-

210 903 280 970 dis?
294 908 320 970 si
336 926 397 971 nou
413 927 488 990 opus
504 917 584 983 suut,
599 927 653 972 cur
667 907 751 972 lere?

686 1013 726 1075 lll
753 1011 771 1072 2

153 1119 184 1169 81
309 1129 400 1190 quare
413 1108 580 1173 Heraclides
590 1111 728 1174 Ponticos
741 1014 807 1192 {ulis
819 1110 904 1191 sapit,
921 1110 972 1190 qui
984 1109 1134 1191 praecepit
1145 1116 1181 1172 ut
1192 1131 1279 1174 oom-

73 1199 76 1204 '
205 1197 358 1273 burereul,
376 1213 464 1274 quam
480 1196 677 1270 Democritus,
693 1198 744 1278 qui
759 1204 793 1258 ut
806 1197 839 1259 in
855 1196 942 1258 melle
957 1203 1119 1258 servarent.
1143 1215 1235 1276 quem
1251 1198 1278 1260 si

206 1283 310 1360 vulgus
325 1288 445 1344 secutus
462 1289 548 1355 esset,
570 1301 692 1362 peream
708 1283 733 1345 si
749 1291 869 1346 centum
892 1281 1022 1344 denariis
1043 1281 1164 1346 calicem
1187 1284 1278 1346 mulsi

206 1386 305 1429 emere
320 1385 477 1448 possemus

665 1487 805 1541 CYNlCVS

152 1591 185 1642 82
309 1574 334 1635 si
349 1574 518 1636 mehercule
532 1581 661 1654 pergunt
676 1579 707 1634 et
723 1571 848 1635 deorum
873 1591 941 1636 cura
957 1589 1020 1634 non
1035 1572 1216 1636 satisfacitur
1231 1574 1279 1636 rei

208 1659 342 1741 publicae

579 1760 622 1811 llll
642 1757 770 1811 orricio
788 1757 905 1811 ΜΑΗΙΤΙ

152 1854 184 1909 83
310 1846 414 1909 vitium
429 1847 530 1909 uxoris
545 1855 596 1908 aut
615 1847 780 1909 tollendum
802 1855 854 1908 aut
873 1847 1030 1909 ferendum
1042 1852 1102 1908 est:
1127 1847 1179 1928 qui
1197 1849 1279 1910 tollit

207 1931 320 2080 Ebelinum,
337 1951 461 1995 uxorem
473 1933 707 1996 commodiorem
719 1939 864 2012 praestan
880 1933 1014 2013 quiscur,
1033 1951 1101 1994 sese
1117 1933 1275 1996 meliorem

640 2119 683 2170 DE
702 2117 835 2171 servre
860 2139 869 2153 ·

153 2219 185 2271 el
313 2207 407 2269 Varro
421 2210 461 2269 eit
474 2208 616 2269 meadum
630 2208 710 2269 baud
723 2217 824 2268 uotum
839 2225 896 2294 esee
909 2223 998 2286 aeque
1011 2207 1090 2268 mori

622 2343 852 2399 DESVLTORIVS

579 2430 657 2500 περὶ
675 2427 732 2480 τοῦ
753 2421 901 2500 γράφειν

698 2529 772 2607 Ι(2)
879 2553 892 2570 ·

418 2629 491 2692 ilius
507 2629 621 2691 domiui
636 2625 755 2690 deliciis
769 2627 912 2709 phaselon
927 2625 1024 2689 ictum

417 2714 596 2862 t⁰3¹⁵lfflt⁰r⁸
613 2713 751 2777 movilem
766 2714 876 2777 lliclam

417 2816 452 2864 so
463 2807 505 2862 ert

694 2900 721 2962 ll
753 2903 766 2962 l

418 2998 532 3063 fervere
540 2999 642 3080 piratis
651 2903 816 3082 vaslaiiriue
825 2999 924 3064 omnia
935 3001 1046 3065 circum

669 3141 803 3198 llllVlCTl

599 3230 678 3300 περὶ
695 3231 882 3299 φιλονικίας

697 3331 710 3392 l
726 3331 771 3407 (4)

1016 3420 1172 3502 properate

406 3498 517 3571 vivere,
534 3499 653 3580 pueree',
677 3499 840 3582 quaesiuit
862 3499 987 3567 aetatula
1007 3503 1118 3581 ludere,
1142 3525 1218 3578 esse,
1240 3527 1273 3569 a·

468 3584 548 3647 mbre
571 3593 600 3647 et
616 3586 731 3649 veneris
747 3594 849 3649 tenere
863 3587 945 3666 bigas
988 3597 990 3601 '

271 3721 303 3771 85
321 3728 406 3787 aptum
423 3723 529 3774 tonsilla
548 3720 701 3788 Gerloeliur,
722 3725 752 3776 le
769 3725 849 3776 lltore
866 3723 974 3790 limmat,
994 3727 1089 3780 mobile
1106 3729 1133 3780 ir
1150 3730 1272 3782 fluentum

201 3785 336 3870 Roepmer.
356 3803 442 3869 ommes
447 3792 568 3870 smmum
581 3805 628 3858 ego
637 3789 936 3861 lelenjleleeepulcbem
949 3797 1036 3858 altum,
1047 3795 1170 3849 tonsillae
1180 3800 1272 3851 humili

203 3858 228 3908 io
242 3857 320 3907 lutere
337 3858 455 3909 mobilem
472 3857 604 3921 alligatum
622 3863 667 3910 eal
684 3867 766 3912 ectum
783 3859 866 3914 eenole
883 3863 956 3914 simul
975 3879 989 3914 e
1007 3865 1086 3917 litore
1107 3865 1227 3920 mobilem
1244 3869 1270 3920 iu

202 3927 297 3976 fluenta
318 3921 327 3990 Η
349 3924 381 3974 87
398 3925 516 3993 penedos
537 3928 620 3976 etum
633 3927 772 3978 lonicorum
795 3931 978 3981 mecaenatem
1002 3931 1110 3985 conleath
1134 3932 1274 3988 cauam
