2864 4344
582 179 723 232 sxrrmn
1142 185 1179 246 15

81 335 242 417 tpositus.
280 334 356 396 iussi
377 353 447 414 ergo
461 333 674 416 discubuimus,
691 343 721 398 et
740 335 909 416 gustatione
928 337 1051 401 mirifica
1071 337 1181 402 initiati

114 423 185 484 rino
201 421 294 483 etiam
308 421 433 483 Falerno
448 421 638 484 inundamur.
668 422 782 502 excepti
802 422 891 484 etiarn
912 423 1045 504 pluribus
1059 425 1178 486 ferculis

114 527 183 570 curn
200 507 369 569 laberemur
383 506 414 568 in
430 525 580 580 somnum,
597 507 685 570 ‘itane
702 505 779 570 esti’
801 508 899 588 inquit
920 509 1060 582 Quartilla
1081 510 1179 572 ‘etiam

114 593 248 656 dormire
263 591 347 655 vobis
362 592 395 655 in
409 604 510 656 mente
524 601 579 666 est,
594 611 663 656 cum
679 593 778 656 sciatis
791 593 888 674 Priapi
898 595 985 674 genic
996 595 1180 676 pervigilium

82 675 257 742 adeberii’

634 785 654 820 ib

20 831 22 940 l
201 867 273 912 cum
286 849 418 929 Ascyltos
433 855 570 928 gravatus
585 858 630 912 tot
644 849 729 912 malis
743 849 775 912 in
791 867 932 914 somnum
950 849 1109 926 laberetur,
1131 852 1179 915 illa
1191 857 1232 919 22

115 955 191 1017 quae
202 936 313 998 iniuria
325 936 445 1017 depulsa
455 936 551 998 fuerat
563 935 666 998 ancilla
677 936 884 998 tctamfaciern
892 936 955 1000 eius
963 936 1085 1015 fuligine
1093 939 1180 1018 longa

115 1022 273 1103 perfricuit
287 1030 318 1084 et
331 1039 394 1083 non
409 1022 564 1084 sentientis
578 1022 659 1084 labra
670 1039 850 1103 umerosque
864 1023 1060 1104 sopitionibus
1074 1023 1179 1104 pinxit.

114 1101 237 1188 iambgo
253 1107 343 1170 etiam
350 1114 395 1169 tot
402 1107 485 1170 malis
492 1107 630 1186 fatigatus
638 1108 1016 1188 minimumvelutigustum
1024 1109 1179 1172 hauseram

71 1202 98 1254 rc
116 1196 234 1269 scmni3
248 1193 331 1254 idern
347 1201 377 1256 et
388 1201 451 1256 tota
461 1193 539 1256 intra
550 1194 682 1274 forisque
693 1194 803 1256 familia
815 1195 936 1269 iecerat,
951 1195 1180 1275 atquealiicirca

113 1281 204 1360 pedes
225 1279 478 1343 discumbentium
499 1279 592 1360 sparsi
611 1279 760 1358 iacebant,
785 1279 834 1342 alii
855 1280 1019 1360 parietibus
1041 1281 1177 1362 appliciti,

114 1366 235 1447 qnidam
251 1366 284 1427 in
299 1365 365 1445 ipso
379 1365 483 1427 limine
498 1365 662 1429 coniunctis
678 1366 850 1428 marcebant
865 1366 1024 1446 capitibus;
1039 1367 1177 1432 lucernae

114 1471 237 1534 quoque
250 1452 378 1514 humore
394 1451 525 1514 delectae
540 1460 630 1514 tenue
647 1460 675 1512 et
691 1459 855 1514 extremum
871 1451 973 1514 lumen
987 1451 1176 1533 spargebant:

20 1607 21 1612 η
115 1556 183 1600 cum
198 1538 259 1600 duo
276 1536 342 1616 Syri
353 1536 505 1617 expilaturi
519 1534 695 1620 [lagoenam]
708 1538 869 1600 triclinium
880 1538 1074 1613 intraverunt,
1090 1540 1177 1602 dum-

20 1633 21 1636 ’
73 1635 98 1684 15
114 1643 173 1705 quc
187 1623 270 1686 inter
284 1631 439 1703 argentum
454 1622 567 1686 aridius
582 1623 721 1698 rixantur,
738 1623 886 1686 diductam
906 1625 1059 1704 fregerunt
1079 1624 1179 1705 lagoe-

115 1729 195 1772 nam.
227 1709 333 1772 cecidit
348 1708 436 1772 etiam
451 1726 556 1771 mensa
571 1728 640 1771 curn
655 1717 787 1788 argento,
802 1716 832 1772 et
843 1709 966 1772 ancillae
976 1727 1065 1790 super
1076 1718 1177 1773 torum

114 1795 275 1858 marcentis
291 1813 448 1856 excussum
462 1797 539 1857 forte
553 1795 639 1856 altius
654 1794 794 1875 poculum
805 1802 893 1875 caput
904 1794 1009 1876 tetigit.
1033 1797 1177 1877 adquam

114 1881 207 1944 ictum
224 1880 396 1944 exclamavit
411 1881 458 1944 illa
473 1881 642 1961 pariterque
653 1887 682 1942 et
693 1881 776 1943 iures
788 1880 918 1963 prodidit
928 1889 958 1942 at
968 1889 1085 1962 partem
1098 1882 1177 1945 ebri-

117 1987 202 2030 crum
220 1967 367 2029 excitavit.
398 1966 463 2046 Syri
476 1967 517 2028 illi
529 1967 580 2048 qui
591 1974 734 2029 venerant
744 1967 780 2028 ad
792 1968 941 2048 praedam,
955 1975 1112 2049 postquam
1124 1969 1178 2031 de-

73 2064 101 2116 20
116 2054 283 2133 prebensos
291 2053 550 2128 seintellexerunt,
562 2053 673 2134 pariter
680 2053 963 2116 secundnmlactum
974 2055 1177 2127 conciderunt,

115 2147 149 2200 ut
162 2148 284 2221 putares
299 2139 356 2200 hoc
370 2139 553 2214 convenisse,
570 2147 601 2201 et
615 2147 741 2201 stertere
757 2147 896 2222 tanquam
915 2139 985 2201 olim
997 2141 1177 2203 dormientes

115 2243 167 2288 coe
187 2233 313 2288 erunt.v

166 2245 258 2374 l>iarn
269 2317 299 2374 et
311 2309 522 2373 tricliniarches
533 2309 856 2392 experrectuslucernis
868 2309 1070 2374 occidentibus
1079 2313 1177 2374 oleum

115 2398 275 2471 infuderat,
292 2404 323 2458 et
333 2397 418 2476 pueri
430 2397 556 2458 detersis
568 2397 718 2477 paulisper
728 2397 820 2459 oculis
829 2397 980 2459 redierant
990 2398 1026 2460 ad
1037 2399 1177 2461 ministe-

70 2495 98 2544 25
114 2485 201 2559 mum,
223 2502 293 2544 cum
308 2483 424 2546 intrans
440 2482 637 2564 cymbalistria
653 2489 683 2544 et
698 2500 880 2562 concrepans
895 2501 961 2546 aera
977 2499 1081 2546 omnes
1097 2486 1177 2568 exci-

113 2570 209 2633 tarit„
225 2570 373 2632 relectum
387 2569 479 2649 igitur
493 2576 537 2630 est
553 2567 721 2631 convivium
744 2575 773 2630 ct
788 2585 893 2630 rursus
909 2567 1051 2640 Quartilla
1073 2571 1108 2634 ad
1129 2570 1175 2632 bi·
1187 2565 1227 2627 23
1243 2607 1245 2612 .

113 2656 246 2720 bendum
260 2655 417 2718 revocavit.
447 2655 555 2718 adiuvit
574 2654 751 2717 hilaritatem
772 2653 959 2717 comissantis
979 2654 1175 2734 cymbalistria

627 2758 647 2796 ii·

197 2827 292 2890 intrat
307 2825 456 2899 cinaedus,
469 2825 561 2890 bomo
578 2826 713 2889 omnium
733 2825 947 2889 insulsissimus
968 2833 999 2888 et
1018 2826 1108 2907 plane
1127 2826 1176 2890 illa

115 2914 205 2976 domo
222 2913 340 2992 dignus,
356 2912 408 2994 qui
421 2919 453 2975 ut
463 2913 598 2976 infractis
610 2912 746 2977 manibus
758 2913 937 2994 congemuit,
953 2912 1098 2976 eiusmodi
1110 2930 1174 2976 car-

71 3014 99 3063 30
116 3000 198 3064 mina
214 2995 333 3062 effudit:
362 3033 364 3038 ,
535 3016 541 3046 r

257 3085 327 3147 ‘buc
340 3085 400 3147 buc
413 3088 465 3148 cito
487 3083 640 3148 convenite
656 3101 746 3159 nunc,
762 3083 1000 3166 spatalociuaedi,

257 3172 335 3252 pede
351 3171 472 3244 tendite,
489 3189 609 3238 cursum
624 3170 730 3244 addite,
746 3171 897 3234 convolate
910 3171 1011 3252 planta

258 3259 425 3340 femoreque
439 3257 526 3333 facili,
550 3256 719 3336 cluneagili
734 3265 763 3318 et
778 3275 868 3319 manu
882 3273 1031 3338 procaces,
1111 3256 1114 3272 '

256 3345 370 3419 molles,
387 3349 509 3417 veteres,
525 3343 632 3406 Deliaci
648 3360 739 3406 manu
753 3342 859 3406 recisi)

69 3439 96 3493 at
113 3431 302 3513 consumptis
317 3429 449 3492 versibus
465 3430 526 3492 suis
537 3428 776 3492 immundissimo
788 3447 837 3492 me
848 3428 932 3492 basia
943 3425 1088 3510 conspuit.
1104 3443 1174 3489 mox

113 3525 141 3580 et
157 3519 372 3600 superlectum
388 3517 469 3578 venit
490 3524 577 3598 atque
592 3516 718 3579 omnini
734 3515 844 3578 detexit
858 3521 1053 3578 recusantem.
1084 3531 1184 3596 super*

111 3603 235 3685 inguina
255 3622 321 3666 mea
344 3602 403 3666 diu·
424 3603 611 3684 multumque
637 3602 749 3666 fastra
771 3601 884 3666 moluit.
913 3600 1101 3682 profluebant
1119 3617 1173 3680 per

182 3747 195 3797 1
213 3741 323 3795 invitati
338 3739 445 3794 latntes
456 3738 466 3808 ΙΙ
484 3740 498 3792 'l
516 3739 611 3793 iniuria
627 3741 733 3807 depulsa
749 3738 815 3792 mab
830 3737 962 3803 marmio!
976 3739 1049 3804 larga
1063 3737 1174 3805 Iunger-

111 3827 222 3865 mnamas
234 3811 244 3880 ΙΙ
259 3810 431 3877 Saepionibus
442 3810 506 3862 liber
512 3809 608 3862 Catulli
617 3809 706 3874 37,10.
720 3807 1016 3877 scriptionibusliocda'uo
1028 3805 1037 3876 ll
1053 3808 1082 3860 17
1095 3805 1174 3872 fregit

151 3882 180 3933 21
194 3884 345 3950 expectatur
366 3894 409 3932 ecs
431 3879 554 3932 convivas
576 3895 633 3932 esse
650 3877 659 3947 ll
676 3881 708 3931 rt
720 3880 834 3946 sortasse
854 3876 1046 3944 cymbalistriae
1074 3879 1173 3941 [cantus

148 3949 180 4002 29
192 3950 344 4017 concrepuit
354 3949 462 4001 lebnam
475 3947 484 4016 ΙΙ
498 3951 529 4001 33
543 3965 648 4002 veneres
662 3950 754 4002 conieci
766 3945 775 4015 ll
788 3949 818 3998 at
832 3947 989 4014 pertinebant
