2838 4348
249 137 312 199 224
706 131 858 186 SENECAE
904 197 916 225 e

249 297 371 368 1ogatur
386 287 565 350 seutentiam
582 289 669 349 lanus
685 294 777 367 pater.
800 286 826 348 is
841 285 1012 364 designatus
1029 285 1112 346 erat
1105 303 1136 346 m
1159 285 1215 347 kal.
1232 285 1318 348 lulias

153 379 156 394 ¹
244 373 499 475 postmeridianus
515 373 629 444 consul,
645 374 735 474 homo
752 372 942 470 quantum-vis
959 373 1049 439 vafer,
1073 373 1124 451 qui
1140 389 1262 468 semper
1278 373 1318 433 vi·
1390 427 1392 441 ,

250 454 337 521 det'
316 480 384 538 αμα
398 449 538 540 πρόσσω
553 456 610 520 καὶ
624 453 765 520 ὀπίσσω.
796 458 821 518 is
844 459 936 522 multa
958 455 1079 528 diserte,
1100 457 1212 537 quod
1203 474 1235 516 ιιι
1257 455 1318 518 loro

249 545 373 616 vivebat,
401 544 483 616 dixit,
511 549 587 625 quae
608 544 742 606 notarius
763 544 901 623 persequi
915 560 977 604 non
992 541 1091 621 potuit
1116 549 1146 602 et
1168 541 1238 603 ideo
1260 559 1318 603 non

211 671 215 677 ι
250 635 357 700 refero,
374 650 412 691 ne
428 630 490 691 aliis
506 630 601 690 verbis
618 643 737 709 ponam,
754 629 877 708 quaeab
890 629 939 689 illo
952 626 1120 688 dictasunt.
1144 628 1348 689 multarunt
1395 656 1398 691 ι

251 717 287 777 de
303 716 508 794 magnitudine
523 716 663 776 deorum:
681 733 743 776 non
759 715 867 777 debere
882 715 963 775 huuc
978 713 1065 790 vulgo
1080 713 1147 773 dari
1161 714 1317 774 honorem.
1369 744 1372 752 ·
1395 700 1398 739 ³

251 801 340 863 ‘olim'
356 802 453 880 inquit
470 807 649 879 ‘magnares
667 799 925 861 eratdeumfien
943 798 1318 860 iamlamammimumie-
1395 836 1398 851 .

250 888 339 948 cistis
362 886 461 968 itaque
476 905 515 948 ne
531 885 651 950 videar
643 903 675 946 m
690 903 859 966 personam,
875 901 939 946 non
954 885 986 944 in
1001 901 1066 945 rem
1082 884 1182 946 dicere
1197 893 1317 946 senteu-

248 973 331 1045 tiam,
346 990 459 1034 conseo
470 991 508 1034 ne
524 972 589 1051 quis
601 979 670 1052 post
657 972 764 1033 thunc
779 971 857 1033 diem
873 972 947 1032 deus
963 969 1015 1030 fiat
1029 989 1065 1030 ex
1073 969 1135 1041 hic,
1152 970 1204 1074 qui
1225 961 1319 1052 ἀρού-

249 1077 309 1141 ρης
323 1051 449 1140 καρπὸν
463 1049 594 1119 ἔδουσιν
621 1060 680 1136 [aut
698 1077 734 1118 ex
754 1057 810 1130 his,
838 1075 912 1137 quos
934 1054 984 1116 alit
1004 1048 1159 1138 ζείδωρος
1174 1048 1364 1138 dipovpolm

249 1144 300 1224 qui
316 1151 418 1205 contra
433 1144 491 1204 lroc
507 1150 627 1204 senatus
649 1143 820 1204 consultum
845 1141 1046 1212 mustacius,
1069 1141 1167 1202 dictus
1188 1141 1319 1220 pictusve

250 1229 313 1303 erit,
330 1248 399 1290 eum
412 1228 480 1290 dedi
495 1228 598 1292 Laruis
614 1236 644 1290 et
658 1229 793 1308 proximo
806 1245 932 1289 munere
947 1227 1025 1286 inter
1040 1243 1135 1286 novos
1151 1234 1319 1288 auctoratos

248 1314 351 1376 ferulis
367 1315 504 1393 vapulare
519 1313 632 1393 placet’.
656 1315 811 1393 proximus
828 1314 1027 1390 interrogatur
1037 1313 1220 1373 seutentiam
1235 1312 1321 1374 Dies-

248 1401 326 1480 piter
340 1400 428 1462 Vicae
442 1401 533 1460 Potae
548 1400 634 1472 lilius,
651 1406 681 1459 et
696 1400 760 1480 ipse
776 1400 948 1478 designatus
965 1397 1078 1474 consul,
1102 1398 1320 1460 nummulario·

249 1488 310 1547 lus:
327 1487 385 1546 hoc
400 1492 527 1565 quaestu
543 1503 575 1546 se
590 1485 766 1562 sustinebat,
788 1486 916 1546 vendere
937 1483 1103 1544 civitatulas
1126 1483 1252 1544 solebat.
1286 1483 1321 1544 ad
1341 1493 1365 1542 ιι

249 1572 329 1632 hunc
344 1571 419 1631 belle
435 1571 559 1632 accessit
574 1571 715 1632 Hercules
732 1579 760 1631 et
775 1570 937 1631 auriculam
952 1569 993 1629 illi
1008 1567 1112 1646 tetigit.
1145 1576 1251 1630 censet
1264 1568 1321 1630 ita·

249 1674 306 1737 que
322 1656 354 1716 in
367 1657 440 1717 haec
453 1656 582 1718 verba:‘
585 1675 651 1718 cum
669 1655 753 1717 divus
761 1656 899 1716 claudius
916 1663 945 1716 et
960 1652 1236 1751 divumAugustum
1251 1671 1321 1715 san-
1395 1725 1398 1736 Ι

247 1742 337 1838 guiue
354 1742 503 1819 contingat
520 1761 574 1804 nec
589 1743 689 1803 minus
706 1741 802 1803 divam
818 1743 979 1820 Augustam
996 1735 1098 1800 aviam
1113 1757 1208 1812 suam,
1231 1757 1321 1820 quam

248 1829 311 1907 ipse
327 1829 411 1889 deam
427 1845 492 1888 osse
508 1827 603 1899 iussit,
620 1829 768 1908 longeque
784 1845 890 1889 omnes
912 1826 1053 1888 mortales
1069 1824 1216 1904 sapientia
1238 1834 1320 1887 ante-

249 1913 345 1982 cellat,
361 1913 459 1993 sitque
475 1913 670 1992 erepublica
686 1931 753 1974 esse
769 1913 898 1993 aliquem
920 1913 971 1992 qui
987 1923 1055 1974 cum
1075 1911 1202 2002 Romulp
1226 1912 1365 1990 possitus

249 1999 411 2060 “ferventia
435 2017 505 2079 rapa
531 1998 667 2060 vorare”:
696 2017 803 2060 censeo
819 1999 863 2059 uti
881 1998 966 2059 divus
982 1995 1120 2059 Claudius
1145 2015 1182 2058 ex
1186 1981 1258 2057 hac
1273 1998 1320 2058 die

249 2085 323 2145 dous
351 2085 398 2156 sit,
426 2084 466 2146 ita
481 2085 525 2144 uti
544 2091 613 2146 aute
634 2103 703 2145 enm
726 2085 778 2163 qui
793 2084 907 2164 optimo
928 2084 992 2145 iure
1007 2083 1102 2142 factus
1117 2082 1165 2153 sit,
1194 2101 1319 2162 eamque

249 2189 313 2231 reru
330 2171 366 2230 ad
382 2169 630 2249 metamorphosis
646 2169 731 2230 Ovidi
747 2169 951 2231 adiciendam.
974 2168 1069 2231 variae
1089 2175 1173 2229 eraut
1193 2176 1320 2229 senten·

249 2256 316 2329 tiae,
334 2264 363 2315 et
351 2255 531 2316 tvidebatur
547 2255 684 2317 Claudius
700 2254 898 2334 [sententiam]
915 2255 1041 2316 vincere.
1064 2254 1208 2314 Hercules
1229 2255 1317 2323 euim,

248 2361 299 2421 qur
292 2341 457 2402 videreti
443 2344 556 2402 ferrum
572 2359 661 2401 suum
677 2341 707 2400 in
724 2341 791 2418 igne
804 2360 878 2414 esse,
894 2342 984 2401 modo
997 2341 1056 2400 huc
1068 2339 1158 2400 modo
1170 2339 1240 2400 illuc
1252 2358 1322 2400 cur·
1339 2351 1366 2402 ιι

249 2427 333 2505 sabat
347 2435 376 2488 et
391 2427 501 2488 arebat
532 2427 603 2488 ‘noli
619 2427 691 2488 mrlu
704 2427 846 2500 invidere
870 2446 937 2487 mea
959 2445 1006 2487 res
1022 2425 1134 2504 agitur:
1163 2424 1271 2486 deinde
1287 2435 1321 2487 tu

248 2533 273 2573 sr
266 2513 360 2592 quid
376 2512 538 2589 volueris,
529 2531 561 2573 m
579 2513 671 2574 vicem
687 2513 804 2573 faciam:
822 2529 929 2574 manus
945 2529 1066 2573 manum
1082 2511 1176 2572 lavat‘.

208 2593 247 2654 10
333 2605 407 2658 tunc
428 2598 510 2659 divus
533 2598 685 2676 Augustus
706 2599 833 2660 surrexit
854 2597 1018 2659 sententiae
1040 2615 1109 2658 suae
1132 2597 1196 2657 loco
1217 2596 1321 2656 diceu-

250 2685 304 2745 dae
321 2690 351 2744 et
366 2701 484 2745 summa
500 2683 639 2746 facundia
654 2684 807 2745 disseruit:
835 2684 906 2763 ‘ego'
927 2683 1025 2764 inquit
1040 2689 1078 2762 ‘p.
1102 2691 1135 2744 c.
1153 2700 1205 2742 vos
1227 2689 1320 2742 testes

248 2769 353 2846 habeo,
371 2788 407 2830 ex
423 2787 481 2849 quo
495 2770 595 2832 deust
581 2773 675 2832 iactus
689 2788 766 2842 sum,
784 2770 898 2830 nullum
909 2788 956 2829 me
966 2767 1090 2830 verbum
1104 2767 1224 2828 iecisse:
1241 2785 1321 2826 sem·
1340 2776 1368 2825 su

249 2872 302 2935 per
319 2873 419 2915 mcum
434 2855 588 2934 negotium
605 2873 669 2954 ago.
704 2856 756 2916 sed
773 2871 834 2916 non
852 2873 977 3000 possum
993 2854 1119 2952 amplius
1134 2851 1322 2913 dissimulare

250 2948 279 3002 et
295 2941 438 3009 dolorem,
455 2959 543 3021 quem
561 2939 721 3019 graviorem
739 2941 866 3022 pudori
865 2941 930 3010 ecit,
909 2940 1110 3001 toontinere.
1134 2937 1166 2999 in
1186 2938 1244 2998 hoe
1257 2945 1321 2998 ter-

250 3046 282 3088 ra
298 3027 432 3107 marique
446 3045 550 3106 pacem
566 3023 692 3106 peperi?
707 3028 773 3088 ideo
786 3026 880 3088 civilia
895 3026 969 3087 bella
985 3020 1179 3105 compescui?
1194 3022 1261 3083 ideo
1278 3021 1320 3082 le-

250 3111 335 3192 gibus
352 3112 456 3173 urbem
478 3113 609 3182 fundavi,
631 3111 771 3192 operibus
794 3111 904 3185 ornavi,
926 3118 1022 3172 ιιι-
1042 3109 1114 3189 quid
1129 3108 1225 3170 dicam
1251 3127 1281 3188 p.
1297 3127 1321 3166 c.

251 3215 312 3258 non
327 3197 462 3259 invenio:
479 3198 576 3259 omnia
593 3197 669 3259 inira
685 3197 920 3277 indignationem
935 3196 1026 3258 verba
1040 3203 1120 3264 sunt.
1144 3193 1322 3272 confugien-
1341 3201 1369 3250 35

252 3284 324 3344 dum
341 3291 386 3344 est
401 3282 501 3364 itaque
517 3285 553 3345 ad
569 3283 709 3345 Messalae
725 3283 854 3355 Corvini,
871 3281 1060 3343 disertissimi
1075 3279 1140 3353 viri,
1154 3280 1234 3340 illam
1251 3295 1318 3340 sen·

251 3368 392 3429 tentiam:
410 3370 523 3449 “pudet
538 3369 683 3448 imperii’'.
707 3369 765 3439 uic,
780 3387 850 3449 pcc.
867 3368 918 3449 qui
934 3367 1016 3428 vobis
1031 3383 1093 3428 uon
1104 3384 1194 3444 posse
1206 3365 1324 3426 videtur

251 3455 385 3516 muscaiu
401 3454 536 3533 excitare,
553 3462 616 3515 tam
632 3455 716 3516 facile
732 3454 868 3516 homiues
884 3453 1043 3525 occidebat,
1068 3469 1157 3534 quam
1174 3451 1255 3512 canis
1271 3451 1324 3511 ad-

252 3539 329 3601 sidit.
352 3540 404 3600 sed
420 3540 491 3619 quid
508 3559 562 3620 ego
579 3541 615 3601 de
630 3547 676 3601 tot
691 3539 846 3602 rotalibus
862 3539 932 3600 viris
948 3534 1065 3601 dicam‘l
1087 3554 1150 3597 non
1171 3543 1255 3598 vacat
1270 3535 1322 3595 de·

252 3625 324 3686 llere
339 3625 470 3705 publicas
487 3627 583 3688 dades
600 3626 728 3687 int-uenti
752 3625 916 3687 domestica
932 3625 1017 3686 mala.
1041 3623 1141 3702 itaque
1165 3621 1212 3683 illa
1233 3620 1324 3682 omit-
1343 3631 1371 3680 to

320 3765 422 3814 lvivat
435 3765 473 3829 {l
464 3781 470 3814 ι
488 3762 569 3814 labam
583 3763 683 3814 mimum
702 3761 789 3813 Cicero
801 3761 888 3813 codem
905 3777 969 3812 usus
979 3761 1114 3842 proverbio
1132 3757 1167 3810 ad
1183 3759 1241 3809 Au.
1254 3755 1272 3808 1
1282 3756 1324 3820 16,

252 3832 297 3968 pff,
299 3829 410 3968 pm}
424 3837 497 3899 pater
513 3831 551 3882 col
565 3832 681 3907 Dispiter
697 3829 860 3882 Sedenlelz'os
872 3829 881 3897 ll
895 3831 927 3880 22
944 3829 1000 3896 quis
1014 3829 1022 3896 ll
1036 3829 1068 3880 28
1081 3843 1127 3878 suo
1146 3827 1226 3878 codex
1248 3793 1324 3879 Geel-²
