2860 4340
596 139 738 195 sturnus
1157 149 1198 211 79

87 296 109 348 L
129 311 184 372 ego
200 294 355 356 vinculum
372 301 549 369 extremum,
566 302 597 357 et
612 298 702 360 veluti
717 299 793 360 lecto
807 298 926 361 funebri
942 306 1059 381 aptatus
1075 312 1198 384 expecto

129 387 264 441 mortem
278 380 337 442 iam
352 397 416 442 non
431 382 595 444 molestam.
629 384 742 463 peragit
756 385 876 446 interim
892 392 1054 467 tempestas
1075 389 1198 452 manda-

130 472 161 527 ta
176 466 309 527 fatorum
325 485 492 548 omnesque
508 468 647 548 reliquias
663 469 746 531 navis
764 480 920 550 expugnat.
955 491 1017 533 non
1033 474 1121 536 arbor
1137 482 1200 536 erat

128 551 242 624 relicta,
258 569 321 613 uon
337 551 544 632 gubernacula,
566 573 627 616 nou
641 555 721 616 funis
737 564 789 618 aut
802 574 914 632 remus,
935 559 988 621 sed
1010 561 1095 641 quasi
1115 559 1198 624 rudis

94 652 109 701 5
128 643 221 718 atque
236 637 346 700 inlecta
362 639 499 702 materies
514 639 575 702 ibat
591 659 659 703 cum
674 641 811 705 fluctibus

653 749 672 785 tt·

216 824 393 888 procurrere
409 810 572 890 piscatores
588 812 716 893 parvulis
731 813 859 892 expediti
875 811 997 892 navigiis
1011 815 1046 874 ad
1057 817 1197 894 praedam

127 893 314 972 rapiendam.
349 896 457 958 deinde
473 903 505 958 ut
521 897 636 978 aliquos
651 899 796 972 viderunt
812 900 862 980 qui
878 917 948 960 suas
964 918 1034 979 opes
1050 901 1197 963 defende·
1298 951 1306 966 .

128 987 209 1051 rent,
227 988 418 1043 mutaverunt
434 981 637 1047 crudelitatem
652 984 684 1045 in
700 983 842 1047 auxilium

650 1095 669 1130 te

217 1149 354 1213 audimus
376 1171 511 1214 murmur
532 1142 686 1218 insolitum
710 1162 740 1216 et
760 1155 816 1216 snb
840 1154 936 1218 diaeta
958 1155 1090 1234 magistri
1110 1156 1195 1235 quasi
1209 1162 1267 1222 115

79 1243 109 1294 tu
128 1234 278 1315 cupientis
294 1237 374 1306 exire
389 1238 493 1300 beluae
506 1240 660 1318 gemitum.
694 1241 841 1321 persecuti
855 1241 945 1318 igitur
956 1260 1064 1303 sonum
1078 1242 1195 1303 inveni-

127 1339 197 1382 mus
213 1321 393 1402 Eumolpum
409 1325 564 1387 sedentem
581 1326 831 1406 membranaeque
852 1326 967 1406 ingenti
987 1346 1090 1388 rersus
1111 1327 1196 1406 inge-

126 1413 257 1469 rentem.
291 1409 390 1470 mirati
406 1428 485 1489 ergo,
506 1413 586 1491 quod
607 1411 647 1473 illi
663 1421 780 1475 vacaret
800 1413 832 1473 in
849 1411 952 1473 vicinia
968 1413 1073 1475 mortis
1088 1431 1195 1493 poema

127 1492 238 1562 facere,
260 1495 441 1558 extrahimus
457 1497 633 1560 clamantem
647 1498 845 1578 iubemusque
859 1498 967 1560 bonam
984 1497 1093 1560 habere
1109 1516 1196 1560 men-

127 1587 201 1639 tem.
235 1584 265 1640 at
279 1579 328 1640 ille
342 1579 546 1661 interpellatus
569 1585 724 1646 excanduit
744 1591 772 1645 et
793 1583 892 1646 ‘sinite
914 1583 973 1644 me’
994 1583 1092 1664 inquit
1114 1592 1195 1644 ‘sen-

81 1666 111 1717 15
127 1664 254 1726 tentiam
271 1665 403 1744 explere;
418 1665 532 1729 laborat
547 1688 667 1731 carmen
682 1670 714 1732 in
730 1669 806 1731 fine'.
841 1669 929 1731 inicio
951 1687 1006 1748 ego
1021 1669 1195 1748 phrenetico

129 1768 254 1812 manum
269 1751 416 1833 iubeoque
431 1751 538 1818 Gitona
552 1756 692 1818 accedere
714 1763 744 1818 et
758 1755 790 1816 in
809 1762 921 1817 terram
941 1754 1059 1834 trahepe
1074 1760 1195 1834 poetam

128 1835 315 1916 mugientem

167 1943 172 1958 ¹
651 1951 670 1987 it·

216 2007 273 2070 hoc
299 2027 388 2090 opere
413 2011 535 2072 taudem
564 2011 712 2074 elaborato
733 2029 829 2074 casam
850 2009 1038 2091 piscatoriam
1059 2007 1195 2072 subimus

81 2097 114 2149 20
132 2102 311 2168 maerentes,
328 2093 461 2178 cibisque
476 2098 628 2177 naufragio
645 2097 792 2177 corruptis
808 2104 961 2178 utcunque
977 2095 1070 2158 curati
1084 2095 1197 2156 tristis·

129 2181 237 2242 simam
253 2179 404 2260 exegimus
420 2191 548 2245 noctem.
582 2191 701 2263 postero
718 2184 775 2257 die,
797 2200 865 2245 cum
879 2198 1060 2263 poneremus
1075 2180 1196 2242 consili·

128 2285 193 2339 um,
210 2267 255 2328 cui
265 2286 322 2328 nos
332 2267 447 2348 regioni
460 2270 660 2344 crederemus,
676 2275 801 2349 repente
814 2269 898 2330 video
911 2285 1018 2347 corpus
1031 2267 1197 2328 humanum

130 2352 343 2415 circumactum
359 2353 416 2415 leri
435 2355 545 2416 vertice
568 2356 604 2416 ad
626 2356 696 2418 litus
718 2355 835 2417 deferri.
868 2353 987 2415 substiti
1010 2370 1080 2431 ergo
1102 2351 1196 2412 tristis

131 2438 276 2519 coepique
290 2439 464 2502 umentibus
481 2440 575 2502 oculis
589 2441 681 2502 maris
697 2441 785 2502 fidem
801 2439 947 2521 inspicere
970 2445 1000 2499 et
1022 2437 1110 2497 ‘huuc
1132 2437 1196 2496 for-

78 2528 111 2579 25
130 2524 219 2586 sitan’
234 2525 386 2604 proclamo
410 2526 451 2587 ‘in
468 2527 563 2608 aliqua
578 2535 662 2606 parte
677 2534 823 2587 terrarum
838 2539 949 2586 secura·
964 2528 1096 2603 expectat
1109 2539 1196 2617 uxor,
1376 2586 1385 2601 ¹

124 2609 258 2672 forsitan
272 2611 396 2690 ignarus
411 2612 597 2692 tempestatis
614 2611 691 2672 filius
706 2619 757 2672 aut
771 2618 872 2690 quatere
894 2609 995 2688 utique
1009 2607 1131 2704 reliquit
1143 2607 1197 2668 ali·
1293 2687 1296 2693 Ι

130 2715 232 2776 quem,
248 2697 296 2758 cui
310 2697 503 2776 proficiscens
520 2699 654 2759 osculum
671 2696 760 2780 dedit.
793 2694 867 2757 haec
888 2703 958 2756 sunt
976 2693 1098 2754 cousrha
1114 2709 1197 2752 mor-

129 2781 244 2856 talium,
260 2783 334 2844 haec
349 2791 416 2845 rota
432 2801 605 2864 magnarum
621 2782 842 2863 cogitationum.
878 2798 916 2842 eu
937 2779 1028 2840 homo
1053 2775 1197 2874 quemad-

129 2867 256 2930 modum
270 2867 371 2932 natat!
405 2870 656 2949 a'dhuctanquam
679 2869 815 2949 ignotum
837 2865 989 2938 deflebam,
1011 2881 1079 2925 cum
1100 2881 1196 2924 invio-

78 2955 111 3008 30
128 2953 224 3014 latum
241 2972 274 3015 os
288 2955 396 3016 fluctus
412 2954 555 3016 convertit
570 2953 601 3015 in
616 2960 736 3027 terram,
754 2952 918 3034 agnovique
930 2949 1095 3014 terribilem
1109 2949 1197 3027 paulo

128 3045 200 3100 ante
219 3045 249 3099 et
267 3040 482 3120 implacabilem
504 3039 624 3101 Licham
650 3039 777 3120 pedibus
805 3035 877 3099 meis
903 3054 998 3118 paene
1021 3035 1196 3132 subiectum.

129 3141 193 3186 non
208 3124 293 3186 tenui
305 3123 395 3204 igitur
410 3125 520 3188 diutius
535 3126 680 3199 lacrimas,
701 3125 794 3186 immo
809 3121 942 3203 percussi
964 3121 1056 3182 semel
1069 3127 1196 3181 iterum·

130 3225 189 3290 que
211 3209 348 3272 manibus
368 3219 472 3291 pectus
497 3219 527 3272 et
554 3209 615 3273 ‘ubi
630 3229 711 3272 nunc
726 3209 779 3271 est'
804 3209 925 3290 iuquam
951 3205 1112 3268 ‘iracundia
1136 3211 1197 3277 tua,

130 3293 184 3356 ubi
198 3295 376 3378 impotentia
392 3295 463 3358 tua?
486 3313 595 3376 nempe
614 3297 746 3378 piscibus
761 3293 917 3374 beluisque
934 3291 1085 3371 expositus
1102 3307 1143 3360 es,
1167 3296 1198 3349 et

81 3387 113 3438 ³5
132 3379 185 3462 qui
201 3382 288 3462 paulo
305 3389 373 3444 aute
388 3382 517 3446 iactabas
537 3382 616 3443 vires
635 3381 754 3463 imperii
775 3379 828 3458 tui,
852 3379 888 3440 de
908 3385 968 3438 tam
994 3394 1101 3454 magna
1123 3391 1197 3435 nare

130 3481 171 3528 ne
197 3467 327 3530 tabulam
350 3467 471 3548 quidem
495 3468 657 3546 naufragus
683 3467 785 3528 habes.
819 3465 859 3526 ite
885 3479 966 3523 nunc
991 3461 1140 3530 mortales,
1167 3466 1198 3520 et

131 3553 247 3630 magnis
262 3551 489 3632 cogitationibus
505 3559 623 3635 pectora
638 3553 769 3632 implete.
804 3551 844 3611 ite
861 3549 948 3620 cauti,
969 3553 998 3608 et
1021 3563 1093 3642 opes
1114 3545 1197 3606 frau-

131 3638 219 3700 dibus
231 3647 330 3719 captas
345 3657 400 3719 per
414 3639 493 3701 mille
508 3653 602 3702 annos
615 3638 774 3718 disponite.
808 3653 916 3716 nempe
928 3633 977 3695 hic
987 3647 1121 3712 proxima
1131 3631 1197 3692 luce

131 3773 346 3788 uhta—*nnn*

202 3830 218 3880 8
239 3829 404 3896 cupiditatem
423 3827 555 3882 locuturas
568 3827 577 3897 ΙΙ
596 3829 628 3881 16
649 3833 748 3896 portam
766 3829 804 3880 cet
821 3824 946 3895 por-canit
963 3825 995 3876 22
1017 3826 1131 3892 fortasse
1148 3823 1198 3875 iai-

132 3913 216 3951 rcnns
230 3896 239 3965 ll
252 3899 285 3949 24
298 3897 447 3952 viventibus
460 3895 469 3966 ll
483 3899 514 3950 26
528 3907 626 3966 patrem
