2860 4340
204 134 246 201 64
655 131 810 196 emacuit

204 289 333 370 spiciens
345 289 381 352 ad
392 287 561 368 Eumolpon
574 295 601 350 ‘o
613 288 776 367 poetarum'
789 288 887 368 inquit
900 287 1113 363 ‘disertissime
1129 296 1164 352 tu
1178 288 1269 354 eras?
1282 293 1329 350 Lo

204 383 234 438 et
248 393 310 438 non
324 374 483 441 discedunt
504 373 585 437 ocius
607 374 786 454 nequissimi
799 374 877 439 servi
897 392 1064 456 manusque
1079 375 1234 441 continent
1249 396 1267 440 a

206 459 297 524 rixai'

368 624 370 638 Λ
414 599 418 608 ,
728 572 746 608 U
1088 602 1091 608 .

283 632 289 717 Ι
310 634 544 700 ‘contubernalis
570 653 634 701 mea
660 634 734 699 mibi
754 633 864 702 fastum
884 635 962 699 facit.
992 635 1043 710 ita,
1066 635 1093 698 si
1114 655 1266 710 meamus,
1283 652 1305 708 ι

204 721 329 787 maledic
342 721 422 789 illam
437 721 579 795 versibus,
595 719 750 802 utbabeat
764 721 918 801 pudorem*
1043 782 1045 788 ,
1303 747 1319 796 5

726 833 746 870 fl·

151 897 191 960 97
290 897 362 962 dum
376 893 542 978 Eumolpus
557 915 626 960 eum
641 896 762 976 Bargate
774 896 807 960 in
817 903 933 962 secreto
944 896 1086 977 loquitur,
1101 896 1194 960 intrat
1205 904 1269 958 sta·
1361 897 1365 910 '
1422 901 1424 944 t

202 982 307 1046 bulum
322 1000 434 1064 praeeo·
444 1002 513 1046 eum
524 999 610 1044 servo
621 980 740 1063 publico
755 981 870 1062 aliaque
882 1001 953 1047 sane
966 982 1080 1050 modica
1091 982 1267 1062 frequentia,

202 1070 356 1149 facemque
371 1070 520 1133 fumosam
536 1068 626 1148 magis
642 1087 731 1148 quam
744 1068 873 1135 lucidam
894 1087 1038 1150 quassans
1058 1069 1131 1133 beeo
1153 1069 1269 1149 procla-

203 1155 310 1218 mavit:
327 1161 411 1234 ‘puer
423 1154 457 1217 in
473 1152 579 1216 balneo
595 1155 682 1234 paulo
697 1161 767 1216 ante
780 1153 935 1227 aberravit,
952 1172 1100 1222 annorum
1115 1153 1191 1219 eirea
1206 1156 1267 1228 x‘rr,

204 1240 328 1321 crispus,
344 1239 449 1311 mollis,
470 1242 629 1312 formosus,
651 1239 778 1308 uomina
790 1239 887 1304 Giton.
918 1239 1026 1321 siquis
1049 1255 1119 1302 enm
1140 1241 1323 1311 redderem

203 1333 255 1388 aut
270 1332 504 1388 commonstrare
517 1324 651 1398 voluerit,
668 1324 790 1406 accipiet
811 1343 954 1389 nummos
974 1323 1072 1390 mille!
1103 1344 1160 1394 nec
1178 1325 1268 1406 longe
1300 1389 1305 1400 ,

204 1431 220 1474 a
232 1429 379 1491 praecone
390 1411 523 1490 Ascyltos
534 1410 630 1474 stabat
641 1410 765 1476 amictus
777 1410 932 1476 discoloria
942 1419 1024 1478 reste
1036 1417 1126 1491 atryue
1137 1412 1170 1474 in
1184 1411 1269 1476 lance

204 1504 341 1576 argentea
351 1496 497 1560 indicium
509 1503 540 1557 et
551 1496 639 1560 iidem
650 1496 846 1576 praelerebat.
876 1496 1019 1576 imperavi
1030 1496 1139 1569 Gitoni,
1154 1505 1189 1560 ut
1199 1516 1270 1578 rap-

203 1582 259 1646 tim
271 1583 424 1662 grabatum
436 1581 549 1646 subiret
561 1588 792 1661 annecteretque
803 1582 894 1663 pedes
907 1589 936 1644 et
947 1601 1053 1649 manus
1063 1582 1188 1655 institis,
1199 1584 1268 1663 qui·

204 1669 261 1731 bus
277 1669 391 1754 qunda
407 1664 543 1732 culcitam
557 1667 684 1739 ferebat,
699 1687 732 1732 ae
747 1667 789 1730 sic
803 1675 837 1733 ut
849 1667 920 1730 olim
930 1667 1028 1730 Vlixes
1038 1668 1169 1748 Cyclopis
1181 1668 1267 1736 arieti
1289 1680 1319 1732 15

171 1827 176 1837 ¹
205 1754 394 1826 adhaesisset,
412 1760 550 1816 extentus
565 1753 642 1816 infra
656 1753 812 1831 grabatum
828 1753 1026 1818 scrutantium
1049 1754 1182 1816 eluderet
1202 1773 1267 1820 ma·
1425 1757 1426 1760 ’

201 1858 270 1902 nos.
299 1858 362 1903 non
377 1847 423 1902 est
438 1847 572 1904 moratus
592 1839 683 1904 Giton
704 1838 862 1918 imperium
888 1847 1102 1920 momentoque
1124 1840 1267 1920 temporis

203 1925 329 1988 inseruit
345 1920 582 1988 vinculo'manus
604 1931 634 1988 et
648 1925 762 1988 Vlixem
783 1933 848 1988 astu
869 1924 1020 1990 simillimo
1043 1925 1121 1988 uicit.
1151 1941 1205 2004 ego
1230 1945 1268 1991 ne

203 2009 367 2090 suspicioni
374 2009 576 2091 relinquerem
592 2010 700 2084 iocum,
716 2009 1182 2090 lectulumvestimentisimplevi
1196 2012 1269 2079 uui-

203 2114 297 2177 usque
309 2095 438 2158 hominis
453 2095 608 2175 uestigium
622 2095 658 2159 ad
673 2094 805 2174 corporis
821 2096 880 2160 mei
895 2114 1066 2161 mensuram
1081 2095 1211 2174 figuravi.
1288 2105 1319 2159 20

287 2181 408 2243 interim
429 2181 560 2261 Ascyltos
581 2189 615 2244 ut
642 2181 805 2260 pererravit
826 2199 930 2246 omnes
950 2200 1018 2252 eum
1039 2181 1151 2247 viatore
1170 2184 1269 2257 'eelim

204 2266 284 2330 uenit
298 2268 335 2330 ad
356 2286 463 2339 meam,
492 2275 522 2327 et
536 2267 594 2328 hoc
615 2266 736 2347 quidem
757 2267 922 2346 pleniorem
937 2285 1021 2346 spem
1042 2267 1187 2347 concepit,
1208 2288 1268 2348 quo
1305 2261 1309 2268 “

202 2353 374 2432 diligentius
389 2351 590 2434 oppessulatas
611 2351 723 2415 invenit
737 2351 826 2417 iores.
862 2352 997 2433 publicus
1012 2371 1081 2414 vero
1096 2371 1200 2414 servus
1221 2355 1270 2421 in-

187 2448 317 2516 ,sertans
331 2437 662 2504 commissurisseoures
678 2438 874 2501 claustrorum
889 2438 1059 2500 firmitatem
1074 2439 1187 2502 laxavit.
1214 2459 1269 2519 ego
1426 2517 1427 2520 Ἴ

202 2526 239 2589 ad
260 2543 355 2604 genua
376 2524 485 2604 Ascylti
506 2523 652 2603 procubui
673 2531 703 2586 et
721 2542 776 2604 per
797 2524 970 2590 memoriam
993 2523 1134 2591 amicitiae
1155 2542 1270 2615 perque
1287 2539 1319 2592 25
1426 2521 1427 2528 '

203 2611 376 2675 societatem
392 2610 580 2674 miseriarum
596 2610 676 2689 petii,
693 2617 726 2671 ut
741 2611 845 2674 saltem
861 2607 1034 2673 ostenderet
1045 2609 1179 2675 fratrem.
1208 2611 1268 2677 im-

203 2716 253 2760 mo
268 2705 302 2758 ut
316 2697 406 2758 fidem
421 2695 564 2783 haberent
578 2696 664 2760 fictae
679 2713 790 2774 preces,
808 2695 878 2758 ‘seio
895 2693 932 2757 te'
949 2695 1070 2774 inquam
1084 2695 1220 2775 ‘Ascylte
1232 2697 1269 2765 ad

203 2782 398 2846 occidendum
424 2799 471 2844 me
491 2781 617 2844 venisse.
659 2800 718 2861 quo
745 2780 824 2844 enim
849 2799 968 2844 secures
989 2777 1137 2844 attulisti?
1167 2780 1269 2862 itaque

203 2868 276 2932 satia
287 2865 472 2931 iracundiam
483 2873 581 2928 tuam:
597 2865 726 2948 praebeo
738 2885 803 2928 ecoe
812 2866 966 2940 cervicem,
977 2866 1073 2936 lunda
1082 2866 1268 2946 sanguinem,

202 2974 293 3034 quem
308 2953 364 3014 sub
379 2959 532 3034 praetextu
548 2952 730 3031 quaestionis
751 2950 871 3032 petisti!
907 2951 1048 3016 amolitur
1066 2952 1197 3031 Ascyltos
1219 2953 1268 3016 in·
1288 2964 1320 3014 30

202 3039 311 3103 vidium
326 3046 355 3100 et
369 3056 401 3100 se
415 3056 486 3100 vero
501 3037 576 3100 nihil
591 3037 668 3102 aliud
685 3056 773 3119 quam
793 3037 951 3118 fugitivum
972 3056 1061 3100 suum
1083 3037 1157 3101 dixit
1177 3057 1269 3118 quae-

203 3144 279 3200 rere,
296 3131 422 3187 mortem
438 3143 495 3186 nec
509 3123 637 3186 hominis
653 3123 827 3203 concupisse
843 3143 900 3186 nec
913 3123 1062 3205 supplicis,
1084 3123 1189 3204 utique
1205 3124 1270 3188 eius

151 3211 192 3275 98
205 3229 294 3292 quem
308 3218 377 3290 post
391 3211 511 3273 fatalem
525 3209 620 3273 rixam
634 3209 788 3272 habuisset
804 3209 999 3272 carissimum.
1029 3217 1059 3270 at
1080 3226 1143 3276 non
1164 3228 1268 3279 seruus

203 3296 340 3378 publicus
355 3303 416 3358 tam
431 3294 566 3376 languide
577 3295 644 3375 agit
660 3296 713 3358 sed
723 3304 838 3375 raptam
849 3295 975 3376 cauponi
986 3293 1186 3364 harundinem
1195 3295 1268 3362 sub-

203 3391 250 3447 ter
263 3383 374 3444 lectum
389 3380 480 3444 mittit
496 3381 655 3462 omniaque
670 3381 759 3454 etiam
778 3380 923 3444 foramina
938 3381 1085 3460 parietum
1109 3385 1268 3446 scrutatur.
1287 3389 1321 3442 ³5

204 3467 387 3532 subducebat
402 3465 491 3528 Giton
506 3467 543 3530 ab
557 3467 617 3530 ictu
633 3484 741 3548 eorpus
757 3474 787 3530 et
809 3466 931 3532 reducto
952 3465 1140 3532 timidissime
1160 3466 1269 3546 spiritu

128 3611 130 3616 .
204 3551 455 3636 ipsosscinipbes
471 3571 523 3615 ore
538 3553 678 3633 tangebat
818 3631 822 3642 .

726 3664 746 3701 ii

273 3761 334 3828 lpr
383 3763 474 3811 omium
485 3759 608 3824 bargutes
619 3757 811 3828 procuratorad
821 3755 967 3824 Eumolpum
980 3755 989 3825 il
1006 3759 1034 3810 15
1045 3755 1137 3810 Vlixes
1146 3771 1192 3824 pro
1201 3756 1270 3809 ario·

205 3833 233 3880 te
245 3826 254 3896 ΙΙ
268 3829 300 3881 m
309 3845 357 3896 quo
387 3825 397 3899 ΙΙ
410 3829 444 3880 24
453 3827 631 3880 commissuras
642 3843 732 3879 secure
745 3825 926 3891 Soatqaranos
940 3824 944 3890 Ι
959 3819 1131 3876 infirmitatem
1143 3825 1155 3890 ΙΙ
1168 3825 1200 3875 32
1214 3829 1268 3876 teo-¹

206 3900 260 3948 taor·
271 3913 318 3948 neo
329 3897 431 3949 bonesti
443 3900 490 3947 not
500 3896 765 3953 innocontisbominis
778 3893 788 3964 ii
801 3895 832 3946 33
844 3894 957 3962 fortusse
967 3900 1070 3962 praeter
1084 3891 1089 3958 Ι
1103 3892 1192 3943 habuit
