2860 4340
612 152 755 210 saturnu

262 311 413 375 obstruotd
430 312 545 384 estole,
561 327 617 373 nec
631 308 701 372 Iioet
714 309 824 374 iacenti
894 313 897 323 '

261 398 373 461 iactura
389 397 467 460 natis
482 396 600 478 expiare
615 395 739 473 culpam.

262 502 332 563 ergo
346 484 397 564 qui
412 483 494 562 prius
509 501 604 562 usque
619 489 649 552 et
663 498 759 560 usque
775 488 805 544 et
820 500 916 562 usque

261 569 363 632 furum
379 569 512 630 scindere
527 567 647 647 podices
663 566 805 644 solebam,

262 672 315 734 per
329 663 433 715 noctes
448 653 562 733 aliquot
576 651 698 730 diesque
720 669 812 711 cesso.

261 758 374 819 poenas
390 739 427 799 do
443 756 574 818 quoque,
588 742 662 816 quot
677 736 748 796 satis
763 753 913 815 superque
929 743 983 808 est,

261 824 293 885 iu
309 842 472 903 semenque
487 823 561 883 abeo
577 824 714 900 salaxque
730 822 882 900 quondam

262 926 343 971 nuno
357 909 446 970 vitam
462 926 628 987 perago-
644 902 709 983 quis
725 906 781 967 boo
795 901 936 986 putaret?
951 940 994 980 .··
1050 911 1053 920 '

263 1002 297 1055 ut
311 994 412 1055 elusus
428 993 616 1054 citharoedus
631 991 841 1053 abstinentem.

262 1087 368 1152 atros,
384 1096 422 1139 ne
437 1095 556 1158 peream
573 1077 631 1138 situ
647 1076 742 1148 senili,

263 1182 383 1242 quaeso,
400 1162 527 1238 desinite
543 1181 609 1226 esse
624 1161 779 1240 diligentes

262 1267 337 1310 neve
352 1246 498 1329 imponite
513 1248 635 1318 fibulam
649 1245 766 1326 Priapo.

607 1466 750 1530 LXXVIII

257 1572 294 1634 m
310 1571 339 1635 di
355 1570 486 1654 deaeque
502 1572 641 1640 dentibus
656 1571 714 1638 tuis
732 1591 828 1634 esoam

258 1665 379 1737 negent,
396 1657 506 1720 amicae
522 1657 693 1736 cunnilinge
707 1656 829 1728 viduae,

261 1761 314 1822 per
328 1761 418 1822 quem
434 1744 530 1822 puella
543 1742 628 1803 lortis
640 1749 710 1802 ante
722 1760 778 1804 neo
788 1741 914 1802 mendax

262 1836 291 1889 et
306 1847 382 1909 quae
397 1829 511 1890 solebat
525 1828 655 1907 impigro
670 1827 748 1890 celer
762 1845 853 1906 passu

261 1913 297 1974 ad
312 1931 369 1974 nos
386 1913 496 1984 venire,
513 1931 595 1974 nuno
610 1912 723 1982 misella
737 1911 872 1974 landioae
927 1942 937 1952 ·

260 1997 308 2060 rix
322 2017 412 2078 posse
426 1998 506 2066 iurat
520 1999 673 2062 ambulare
685 2017 758 2078 prae
770 1995 868 2062 lassis.
951 2018 954 2023 ·

609 2219 766 2285 LXXVIIII
830 2243 835 2251 ·

185 2315 188 2322 ’
260 2323 375 2403 Priape,
391 2323 470 2403 quod
485 2321 531 2410 sis*
542 2324 654 2385 fascino
670 2324 764 2402 gravis
781 2331 875 2397 tento,

262 2409 340 2488 quod
353 2408 540 2487 exprobravit
554 2409 603 2471 hio
617 2408 672 2472 tibi
687 2427 741 2478 suo
757 2427 846 2472 versu

260 2504 347 2573 poeta
362 2503 476 2564 noster,
493 2495 671 2556 erubescere
685 2493 744 2556 hoo
758 2494 834 2556 noli:

181 2588 184 2593 ’
262 2596 325 2640 non
340 2598 371 2642 es
385 2587 472 2658 poeta
488 2579 666 2642 fascinosior
680 2587 793 2642 nostro.

635 2803 741 2865 LXXX
807 2843 815 2852 -

262 2912 300 2968 nt
315 2924 377 2968 non
391 2907 477 2987 longa
492 2908 579 2982 bene,
596 2918 625 2970 at
640 2925 701 2968 non
713 2913 772 2969 stat
783 2905 859 2968 bene
871 2905 1006 2968 mentula
1018 2923 1114 2967 crassa

304 3000 334 3053 et
351 3009 440 3071 quam
458 2994 483 3054 si
497 3002 617 3067 tracteS,
633 3011 768 3055 creseere
779 3011 868 3073 posse
884 2987 995 3072 putes?

262 3097 309 3140 me
323 3078 476 3151 miserum,
493 3078 616 3159 cupidas
630 3079 705 3140 lallit
720 3095 860 3140 mensura
875 3077 1003 3157 puellas:

302 3180 364 3224 non
379 3163 470 3225 babet
485 3164 559 3226 haee
574 3163 653 3226 aliud
669 3164 800 3226 mentula
816 3161 911 3225 maius
928 3182 972 3224 eo.

260 3248 361 3310 utilior
374 3249 491 3328 Tydeus
508 3250 568 3328 qui,
584 3249 609 3310 si
625 3249 697 3330 quid
713 3248 809 3310 eredis
826 3248 965 3322 Homero,
1167 3265 1182 3314 5

303 3333 422 3413 ingenio
438 3353 564 3415 pugnax,
580 3355 704 3415 corpore
716 3352 825 3414 parvus
842 3341 914 3395 erat.

259 3419 312 3480 sed
330 3419 428 3498 potuit
444 3420 553 3482 damno
568 3421 654 3482 nobis
669 3420 848 3500 novitasque
860 3416 1016 3498 pudorque
1123 3469 1126 3473 .

303 3519 380 3576 esse,
396 3505 582 3584 repellendus
597 3506 715 3586 saepius
730 3505 788 3566 iste
804 3503 886 3565 mibi.
927 3515 930 3522 ’

154 3678 365 3687 ——--·-—·-—--—

187 3745 308 3798 LXXVII
323 3747 353 3799 13
366 3763 415 3797 non
427 3748 507 3799 vitam
521 3746 530 3815 ll
546 3750 713 3802 ueteranus
726 3748 888 3800 citharoedus
901 3747 1055 3799 abstinerem
1069 3745 1078 3814 ΙΙ
1090 3746 1224 3800 LXXVIII

152 3819 167 3868 5
180 3816 294 3870 laodices
306 3813 316 3882 ll
329 3811 474 3877 LXXVllll
486 3820 501 3866 4
515 3825 554 3871 est
565 3824 642 3882 poeta
656 3817 841 3880 aaroieosiortl
856 3815 959 3868 LXXX
972 3818 989 3868 4
1000 3817 1081 3871 mains
1099 3831 1129 3868 ea
1141 3819 1224 3868 Anto·

150 3887 212 3935 niue
225 3881 263 3951 118
281 3882 405 3938 multtum
423 3900 526 3938 carmen
544 3885 648 3938 vt'riolur.
666 3888 693 3938 ἐπ
705 3885 778 3936 libris
794 3885 915 3938 adhaeret
926 3883 1039 3938 LXXXI
