2864 4344
206 126 248 190 56
509 151 516 160 -
565 63 567 68 Ι
657 110 813 175 rmntnn

207 284 286 346 idem
301 283 412 352 liceret,
426 281 537 342 mutavi
553 279 706 360 optionem
722 285 753 341 et
767 278 814 340 “si
828 277 927 340 buoo''
947 277 1069 358 inquam
1085 282 1270 340 “tractavero
1283 277 1315 332 '12

207 370 344 451 improba
360 387 461 441 mauu,
477 374 507 428 et
520 366 569 428 ille
580 381 643 427 non
658 367 795 437 senserit,
816 366 906 444 gallos
921 363 1098 444 gallinaceos
1113 365 1272 444 pugnacis·

207 456 299 518 simos
316 457 394 518 duos
410 452 527 515 donabo
541 452 695 533 petienti.''
726 454 764 514 ad
784 453 843 513 boc
861 458 965 512 votnm
984 449 1117 530 ephebus
1138 451 1217 511 ultro
1240 469 1273 512 se

208 541 339 604 admovit
354 551 394 612 et,
409 547 491 620 puto,
508 536 602 600 vereri
616 538 722 618 coepit,
743 552 781 599 ne
797 551 851 616 ego
866 535 1126 602 obdormiet-erem.
1160 535 1271 598 indulsi

208 645 278 706 ergo
295 626 429 699 sollicito,
443 633 567 704 totoque
582 639 707 704 corpore
723 624 794 685 eitra
807 639 955 684 summam
965 621 1149 702 voluptatem
1161 640 1210 683 me
1222 621 1271 682 iu·
1290 627 1305 679 t

209 711 362 792 gurgitati.
397 710 553 774 deludent
574 709 637 771 dies
655 709 745 787 venit,
769 709 853 771 attuli
868 708 1009 790 gaudenti
1029 707 1109 788 qnod
1124 707 1272 788 promise·

208 815 284 861 ram.
317 807 351 860 ut
366 797 452 860 tertia
465 810 528 856 nox
543 795 691 858 licentiam
707 796 798 868 (ledit,
814 795 986 856 consurrexi

209 884 245 946 ad
260 901 364 946 aurern
378 883 456 946 mole
478 880 656 942 dormientis
683 880 762 943 “dii'’
787 881 910 961 iuquam
934 871 1146 950 “immortales
1168 879 1198 940 'si
1217 897 1273 958 ego

208 970 279 1032 huie
293 968 453 1032 dormienti
466 967 616 1029 abstulero
632 968 743 1029 coitum
759 968 881 1047 plenum
905 974 936 1027 et
954 965 1124 1048 optabilem,
1144 983 1199 1045 pro
1217 966 1275 1026 lrac
1374 985 1383 1008 ¹

209 1055 351 1118 felicitato
367 1070 431 1118 cras
446 1071 538 1134 puero
554 1060 744 1116 asturconem
759 1045 980 1114 Macedonicum
990 1051 1136 1131 optimum
1146 1051 1273 1124 tlonabo,
1295 1060 1327 1110 to

210 1157 279 1205 cunr
294 1143 349 1204 hac
362 1149 466 1203 tamen
480 1139 665 1219 exceptione,
678 1130 703 1200 sl
718 1140 767 1201 ille
781 1154 843 1200 uon
859 1136 1014 1200 senserit.”
1036 1152 1190 1217 nunquam
1205 1137 1274 1197 alti-

211 1247 264 1288 ore
278 1244 387 1290 somno
403 1225 537 1306 ephebus
552 1224 739 1287 obdormivit.
772 1225 871 1303 itaque
887 1225 1018 1304 primum
1030 1222 1148 1303 implevi
1160 1223 1274 1284 lecten-

210 1312 291 1374 tibus
306 1311 422 1392 papillis
437 1328 554 1384 manus,
570 1329 640 1372 mox
654 1311 736 1373 basio
751 1310 872 1383 inhaesi,
890 1309 999 1372 deiude
1015 1309 1046 1370 iu
1061 1325 1156 1370 unum
1172 1309 1273 1372 omnia

211 1405 278 1460 rota
294 1397 444 1460 coniunxi.
477 1413 566 1458 mene
581 1398 684 1458 scolere
699 1397 731 1457 in
746 1395 882 1458 eubiculo
897 1396 996 1476 eoepit
1014 1403 1103 1476 atque
1118 1402 1274 1474 expectare

149 1523 153 1532 ·
210 1484 457 1548 cousuetudinem
473 1500 581 1544 mecm.
614 1482 671 1544 scis
687 1490 799 1562 quanto
815 1481 928 1544 facilius
940 1482 988 1554 sit,
1002 1481 1154 1543 columbas
1164 1481 1272 1560 gallos·
1296 1494 1326 1546 15

209 1589 268 1650 que
283 1569 458 1650 gallinaceos
474 1587 575 1630 emere
594 1586 682 1648 quem
697 1575 899 1640 esnrreouem,
920 1575 950 1628 et
963 1573 1088 1648 :praeter
1108 1567 1165 1628 boe
1185 1568 1274 1632 etiam
1373 1567 1378 1574 '

209 1656 361 1730 timebam,
381 1673 421 1718 ue
440 1662 503 1716 tam
515 1655 629 1734 grande
649 1668 759 1715 munus
781 1661 952 1733 suspectam
971 1654 1084 1714 faceret
1103 1651 1275 1716 buman'ita·
1386 1682 1390 1688 ·

209 1749 271 1803 tem
288 1760 393 1803 meam.
428 1758 482 1818 ego
498 1741 610 1819 aliquot
624 1740 703 1803 horis
719 1740 863 1820 spatiatus
878 1738 910 1800 in
925 1738 1087 1819 hospitium
1102 1740 1211 1802 reverti
1226 1739 1276 1820 ni·

209 1827 312 1907 hilque
327 1827 405 1891 aliud
420 1845 510 1906 quam
525 1844 653 1906 puerum
664 1825 781 1888 basiavi.
815 1826 903 1888 atille
915 1825 1153 1904 circumspiciens
1165 1835 1276 1889 utcer·

210 1913 305 1975 vicem
321 1931 418 2058 uppem
433 1911 527 1974 vinxit
546 1913 694 1991 amplexu,
721 1912 829 1992 “rogo’'
855 1911 954 1992 inquit
980 1912 1130 1984 “domine,
1156 1913 1209 1974 ubi
1231 1922 1277 1976 est
1295 1927 1328 1980 20

210 2005 329 2062 asturoo
353 1997 363 2030 ‘¹
907 2003 909 2010 '

736 2107 755 2144 fl·

159 2177 200 2240 87
298 2191 366 2234 cum
382 2171 420 2232 ob
434 2171 511 2234 hanc
526 2172 670 2234 offensam
690 2170 918 2252 praeclusissem
939 2171 1013 2233 mihi
1035 2171 1159 2244 aditum,
1186 2191 1276 2254 quem
1391 2224 1399 2230 .

211 2263 352 2330 feceram,
378 2259 487 2321 iterum
513 2259 550 2322 acl
570 2258 720 2320 licentiam
746 2257 828 2319 redii.
861 2257 1044 2336 interpositis
1062 2258 1149 2320 *enirn
1174 2260 1277 2338 prosto

212 2345 326 2418 diebus,
353 2363 421 2406 cum
445 2344 549 2406 similis
565 2362 651 2406 cesus
666 2361 723 2405 nos
738 2345 771 2406 in
786 2343 910 2405 eandem
934 2347 1085 2405 fortunam
1106 2345 1277 2418 rettulisset,

211 2438 247 2494 ut
261 2431 392 2493 intellexi
407 2438 534 2492 stertere
547 2438 672 2510 petrem,
687 2449 793 2510 rogare
811 2429 896 2509 coepi
911 2429 1068 2510 ephebum,
1090 2435 1125 2493 ut
1145 2433 1278 2493 reverto·
1296 2447 1328 2498 25

211 2523 295 2582 retur
309 2517 479 2596 ingratiam
495 2533 623 2590 mecum,
644 2516 673 2578 io
694 2525 740 2578 est
759 2523 793 2578 ut
812 2523 964 2595 pateretur
984 2515 1140 2590 satisfieri
1160 2516 1225 2594 sibi,
1247 2523 1278 2578 et

214 2609 311 2666 cetera
326 2621 404 2683 quae
417 2602 507 2666 libido
523 2603 652 2664 distenta
668 2602 765 2666 dictat
799 2609 830 2664 at
844 2602 892 2663 ille
906 2603 994 2682 plane
1008 2601 1101 2663 iratus
1114 2602 1187 2662 nilril
1199 2603 1276 2664 aliud

91 2701 95 2716 ¹
214 2688 331 2752 dicebat
347 2689 404 2750 nisi
419 2689 490 2750 boe:
516 2695 587 2750 “aut
606 2689 780 2761 dorminut
801 2707 854 2766 ego
875 2687 1044 2750 iamdicarn
1066 2687 1170 2767 petri.”
1205 2689 1278 2750 nlbil

213 2782 260 2836 est
274 2781 336 2834 tarn
351 2771 488 2851 ardrium,
512 2774 592 2854 quod
608 2791 669 2834 nou
684 2771 858 2854 improbitas
874 2782 1057 2853 extorqueat.
1096 2775 1167 2835 dum
1190 2773 1278 2835 dicit:

213 2865 350 2938 “patrem
365 2858 527 2933 excitabo'‘,
544 2858 648 2939 irrepsi
668 2866 770 2920 tamen
792 2866 822 2918 et
842 2858 918 2919 male
939 2860 1116 2938 repugnanti
1137 2859 1278 2938 gaudium
1295 2877 1327 2927 ao

214 2944 335 3007 extorsi.
370 2953 399 3006 at
425 2945 474 3006 ille
496 2963 558 3008 non
573 2945 768 3008 indelectatus
791 2943 927 3023 nequitia
947 2961 1023 3016 meo,
1046 2953 1202 3024 postquam
1226 2945 1277 3006 diu

214 3036 338 3111 questus
354 3039 400 3092 est
420 3031 576 3111 deceptum
598 3051 631 3092 se
652 3037 682 3092 et
704 3031 835 3093 derisam
855 3031 1085 3109 traductumque
1107 3031 1186 3092 iuter
1205 3049 1278 3094 con·

214 3115 384 3197 discipulos,
401 3117 509 3196 quibus
524 3118 664 3180 iactasset
677 3135 803 3180 censum
819 3135 929 3190 meum,
951 3115 1078 3178 “videris
1094 3116 1213 3180 tamen'‘
1228 3118 1278 3180 in·-

214 3202 280 3284 quit
304 3207 386 3266 “non
402 3221 453 3266 ero
469 3204 513 3264 tui
529 3203 644 3267 similis
675 3204 794 3283 siquid
815 3203 868 3270 vis.
894 3203 941 3267 tac
962 3203 1100 3265 iterum.”
1132 3223 1185 3283 ego
1207 3222 1277 3265 vero

214 3288 348 3368 deposita
370 3289 452 3352 omui
473 3289 584 3352 offense
611 3308 679 3352 cum
694 3304 787 3368 puero
802 3289 970 3366 ingratiam
984 3288 1059 3352 redii
1075 3307 1208 3369 ususque
1224 3290 1277 3352 be-
1294 3307 1327 3358 as

214 3376 321 3440 uelicio
336 3375 401 3438 eius
413 3377 444 3437 in
459 3393 601 3438 somnum
617 3376 756 3454 celenas
772 3395 849 3438 sum.
880 3375 934 3438 sed
954 3389 1017 3438 non
1038 3374 1096 3436 fuit
1115 3381 1277 3437 contentus

213 3461 372 3526 iteratione
387 3463 522 3542 ephebus
535 3463 640 3542 plenae
655 3461 832 3524 maturitatis
847 3467 878 3522 et
892 3459 977 3522 aunis
987 3461 1025 3522 ad
1035 3460 1209 3541 patiendum
1224 3480 1277 3540 ge·

214 3547 385 3612 stieutibus.
418 3548 518 3628 itaque
533 3545 668 3610 excitavit
683 3565 733 3608 me
748 3547 880 3628 sopitum
894 3553 924 3608 et
944 3545 1111 3625 “numquid
1126 3544 1208 3608 tisim
1228 3547 1277 3608 iu-

215 3634 287 3715 quit.
322 3642 351 3697 et
365 3651 430 3696 nou
444 3633 531 3713 plane
545 3634 605 3698 iam
617 3633 855 3722 molesnnqoret
869 3650 989 3694 munus
1022 3638 1175 3711 uteunque
1187 3630 1278 3711 igitur

283 3829 301 3879 4
318 3824 551 3894 obdormiente
567 3825 684 3892 quiequid
699 3824 865 3890 promiseram
878 3821 887 3890 ΙΙ
902 3823 934 3876 18
947 3839 1011 3888 ergo
1031 3820 1205 3874 noemma
1215 3821 1225 3892 ll
1244 3824 1277 3873 20

214 3897 301 3948 iunxit
313 3895 322 3964 ll
336 3895 367 3946 33
381 3910 482 3945 sensum
494 3894 504 3964 ll
517 3896 550 3947 39
555 3895 673 3962 Jbrtorie
684 3893 775 3958 inquit,
788 3890 878 3942 etiam?
890 3892 963 3958 plne
