2860 4340
676 145 829 200 rnrnonn

346 321 487 383 spumeus
503 309 532 364 et
547 302 671 382 querulo
688 301 810 364 vexabat
824 321 893 364 rore
906 300 1031 382 lapillos.

346 389 453 467 diguus
469 405 571 450 amore
585 388 682 450 locus:
699 387 782 450 testis
797 388 938 450 silvestris
954 388 1052 450 aedon

347 482 436 553 atque
453 475 565 536 urbana
580 474 705 545 Procne,
721 491 797 552 quae
812 473 925 536 circum
940 473 1075 552 gramina
1091 473 1175 535 fusae

346 579 380 624 ao
394 559 498 622 molles
509 559 601 622 violas
616 566 707 623 cantu
722 577 775 622 sua
789 559 870 622 furta
886 559 1023 642 colebant

750 672 769 707 to

310 736 464 818 premebat
477 735 525 796 illa
540 735 671 798 resoluta
684 733 860 796 marmoreis
875 733 1035 796 cervicibus
1050 749 1175 795 aureum
1188 739 1292 794 torum
1310 748 1325 796 5

225 830 382 911 myrtoque
396 821 514 882 florenti
530 819 665 900 quietum
771 819 954 881 verberabat.
986 820 1087 899 itaque
1102 827 1136 880 ut
1145 837 1193 880 me
1209 819 1293 891 vidit,

225 907 377 989 paululum
385 907 512 980 erubuit,
519 907 678 968 hesternae
686 904 797 966 scilicet
805 904 931 967 iniuriae
939 923 1070 981 memor3
1086 905 1292 967 deindentre-

225 993 316 1056 motis
331 993 471 1054 omnibus
483 991 648 1055 secundum
658 991 835 1054 invitantem
848 992 980 1064 consedi,
995 1006 1293 1069 ramnmsuperoon-

225 1081 269 1140 los
284 1096 367 1139 meos
379 1077 490 1157 posuit,
512 1084 542 1137 et
557 1077 640 1157 quasi
655 1077 767 1157 pariete
782 1077 940 1139 interiecto
956 1077 1095 1138 audacior
1111 1077 1186 1139 iacta
1209 1076 1292 1157 ‘quid

227 1163 279 1226 est'
295 1163 392 1243 inquit
409 1159 598 1242 paralytice?
621 1162 727 1242 ecquid
744 1163 831 1224 hodie
846 1169 927 1224 totns
944 1159 1089 1224 venisti‘l’
1119 1163 1225 1241 ‘rogas'
1242 1162 1290 1223 in'-
1311 1172 1341 1223 lo

226 1267 317 1329 quam
331 1266 384 1326 ego
402 1248 510 1328 ‘potius
526 1267 615 1327 quam
630 1244 765 1312 tentas?’
795 1255 920 1327 totoque
936 1266 1059 1327 corpore
1073 1247 1292 1326 inampl'exum

226 1335 290 1398 eins
304 1334 458 1396 immissus
473 1352 535 1396 non
549 1334 744 1413 praecantatis
759 1352 856 1413 nsque
867 1334 1077 1398 adsatietatem
1090 1334 1199 1398 osculis
1206 1333 1293 1398 fruor

741 1446 761 1482 *li

158 1595 218 1658 132
308 1595 313 1680 Ι
331 1599 397 1679 ipsa
412 1596 545 1677 corporis
560 1597 780 1677 pulchritudine
801 1598 902 1660 moad
923 1617 956 1659 se
969 1604 1093 1660 vocante
1106 1597 1243 1660 trahebat
1254 1598 1294 1660 ad
1312 1603 1331 1654 L

228 1704 378 1748 venerem.
411 1684 469 1746 iam
482 1682 616 1763 pluribus
629 1685 737 1746 osculis
750 1683 850 1746 collisa
861 1684 943 1745 labra
951 1683 1145 1762 crepitabant,
1160 1683 1220 1745 iam
1233 1685 1291 1744 im·

226 1771 344 1850 plicitae
358 1787 464 1832 manus
480 1787 570 1832 omne
584 1789 679 1848 genus
694 1770 803 1832 amoris
819 1771 1006 1842 invenerant,
1021 1769 1079 1830 iam
1095 1768 1211 1848 alligata
1223 1789 1292 1832 mu·
1314 1780 1343 1830 15

226 1866 279 1918 tuo
294 1855 409 1920 ambitu
423 1873 548 1935 corpora
563 1855 732 1918 animarum
747 1875 866 1938 qnoque
881 1856 1039 1942 mixturam
1054 1858 1187 1918 fecerant

749 1968 769 2006 ὓ

314 2118 478 2180 manifestis
495 2125 631 2180 matrone
647 2118 837 2180 contumeliis
853 2118 1005 2181 verberata
1017 2118 1138 2181 tandem
1151 2117 1188 2179 ad
1201 2115 1294 2180 ultio·

227 2225 299 2268 nem
315 2204 445 2266 mourut
458 2212 603 2284 vocatque
616 2204 811 2266 cubicularios
822 2212 852 2266 et
863 2221 913 2265 me
924 2205 1008 2268 iubet
1019 2203 1213 2266 catomidiari.
1236 2218 1295 2265 neo

228 2299 367 2353 contenta
382 2289 489 2350 mulier
503 2297 564 2350 tam
579 2289 660 2368 gravi
675 2289 782 2351 iniuria
797 2307 863 2352 mea
874 2297 1016 2352 convocat
1031 2306 1138 2351 omnes
1152 2287 1293 2368 quasilla·

114 2385 127 2406 ·
227 2377 286 2438 rias
301 2376 490 2455 familiaeque
504 2375 739 2437 sordidissimam
754 2384 870 2455 partem
882 2393 976 2438 acme
987 2376 1113 2455 conspui
1124 2373 1216 2437 iubet.
1238 2394 1293 2453 op·
1312 2387 1344 2436 20

228 2466 307 2543 pono
323 2481 377 2542 ego
398 2479 505 2522 manus
525 2460 618 2522 oculs
643 2462 726 2534 meis,
753 2461 903 2542 nullisque
925 2462 1026 2522 etlusis
1050 2460 1198 2540 precibus,
1225 2459 1295 2540 quia

229 2549 361 2610 sciebam
376 2547 446 2627 quid
462 2547 648 2621 meruissem,
663 2546 835 2611 verberibus
851 2548 1006 2627 sputisque
1021 2545 1141 2608 obrutus
1154 2554 1235 2607 extra
1251 2545 1297 2607 ia-

232 2654 322 2696 nuam
338 2633 451 2694 eiectus
466 2651 543 2693 sum.
575 2633 679 2696 eicitur
695 2640 724 2694 et
740 2633 926 2707 Proselenos,
942 2633 1059 2712 Chrysis
1074 2632 1201 2712 vapulat,
1215 2638 1296 2693 tota-

229 2739 287 2800 que
302 2719 412 2782 lamilia
425 2717 522 2779 tristis
536 2717 616 2780 inter
630 2737 664 2780 se
678 2724 795 2780 mussat
810 2718 993 2800 quaeritque,
1009 2717 1076 2798 quis
1092 2717 1232 2780 dominae
1247 2717 1295 2778 hi-

228 2805 376 2866 laritatem
391 2802 557 2865 confuderit
1314 2815 1346 2866 25

752 2915 771 2952 tt

313 2978 413 3059 itaque
428 2975 559 3057 pensatis
574 2976 687 3038 vicibus
702 2977 864 3040 animosior
877 2977 1035 3040 verborum
1046 2985 1131 3039 notas
1144 2985 1207 3039 arte
1219 2993 1296 3038 oon·

229 3064 299 3139 teri,
314 3082 354 3126 ne
368 3072 419 3125 ant
433 3063 597 3143 Eumolpus
612 3063 791 3124 contumeha
806 3081 873 3125 mea
888 3063 1010 3125 hilarior
1022 3064 1105 3124 fleret
1117 3070 1169 3124 ant
1180 3062 1299 3124 tristior

230 3151 330 3212 Giton.
350 3147 354 3233 l
375 3150 455 3231 quod
478 3149 575 3210 solum
596 3149 687 3227 igitur
707 3149 788 3210 salvo
809 3149 924 3229 pudore
945 3157 1097 3229 poteram,
1120 3147 1352 3225 contingerem

229 3237 403 3315 languorem
419 3235 569 3306 simulavi,
580 3235 781 3314 conditusque
795 3236 903 3296 lectulo
919 3242 1015 3296 totum
1026 3235 1126 3313 ignem
1141 3233 1252 3294 furoris
1262 3233 1296 3294 in

231 3341 297 3384 eam
311 3322 454 3396 converti,
470 3320 633 3401 quaemihi
649 3320 784 3380 omnium
800 3320 951 3387 malorum
964 3339 1051 3382 nausa
1066 3324 1178 3382 luerat:
1314 3321 1346 3372 3⁰

359 3416 405 3469 ter
419 3406 550 3486 corripui
564 3405 728 3470 terribilem
743 3425 836 3468 manu
851 3405 1022 3486 bipennem,

360 3501 407 3555 ter
421 3492 588 3572 languidior
603 3491 719 3555 cohouli
733 3500 857 3574 repente
870 3492 973 3571 thyrso

232 3631 445 3642 —-.-——--—

302 3705 314 3754 1
328 3701 451 3753 versabat
462 3702 644 3752 Potheom'aoo
656 3699 665 3768 ll
678 3701 694 3751 4
706 3707 732 3750 et
744 3701 834 3752 molles
848 3699 950 3765 aliquot
961 3697 1020 3751 libid
1036 3698 1039 3765 Ι
1055 3714 1101 3749 suu
1118 3713 1179 3750 suaa
1191 3702 1239 3749 not
1250 3715 1295 3750 ru·

231 3787 262 3826 ra
274 3768 282 3837 ll
296 3772 312 3821 6
324 3780 455 3838 myrtoque
468 3767 477 3836 ΙΙ
491 3769 506 3820 9
518 3785 577 3820 snos
587 3769 608 3822 L
620 3767 629 3836 ll
645 3769 675 3820 13
684 3771 856 3838 proemhsum
865 3767 1001 3834 llnoolpius
1010 3769 1043 3820 de
1050 3766 1207 3834 Endymione
1217 3783 1296 3834 puero

232 3839 253 3959 ql
269 3841 299 3893 17
316 3839 468 3892 exacerbata
483 3841 598 3904 eopeotes
611 3836 620 3906 ss
636 3837 666 3890 18
678 3845 830 3902 cutorogare
842 3837 852 3904 ΙΙ
864 3837 897 3890 24
909 3839 996 3905 potius
1007 3836 1067 3903 qnid
1078 3833 1089 3902 ll
1101 3836 1136 3886 28
1147 3835 1296 3899 seiungere

249 3907 331 3959 elebat
343 3908 491 3959 Polmere'ur
503 3905 513 3973 ΙΙ
526 3906 558 3956 29
571 3906 691 3958 simulare
705 3906 777 3972 coepi
788 3903 809 3958 L
