2838 4348
485 119 801 174 APOCOLOCYNTOSIS

246 276 357 338 tacitus
373 274 480 355 quietis
495 275 587 338 adluit
601 275 680 354 ripas
696 276 785 337 vadis.

247 369 331 422 estne
343 361 392 423 illa
408 360 495 422 tellus
510 361 631 440 spiritus
647 360 733 422 altrix
747 359 823 422 tuit'

99 448 174 508 haec
190 449 263 508 satis
279 446 412 508 animose
428 454 458 507 et
472 446 596 520 fortiter,
612 445 706 508 nihilo
723 447 822 509 minus
838 446 947 508 mentis
964 465 1033 508 suae
1050 466 1112 508 non
1127 456 1174 509 est

100 541 132 594 et
146 532 234 594 timet
247 529 362 614 μωροῦ
373 524 510 614 πληγήν.
534 531 672 594 Claudius
688 539 722 593 ut
733 531 805 594 vidit
816 531 912 593 virum
924 533 1080 606 valentem,
1096 531 1173 595 ohli-

67 623 81 671 5
97 627 149 680 tus
166 636 313 696 nugarum
329 617 471 678 intellexit
491 617 644 681 neminem
666 617 777 678 Romae
792 618 848 678 sibi
867 635 969 696 parem
986 618 1089 688 fnisse,
1116 619 1174 680 illic

99 721 163 764 non
185 702 295 764 habere
317 721 349 762 se
370 703 450 763 idem
465 703 591 781 gratiae:
623 702 730 780 gallum
750 703 782 762 in
805 721 860 764 suo
882 703 1058 783 sterquilino
1078 706 1172 784 pluri-

98 807 187 850 mum
202 807 300 869 posse.
324 789 424 867 itaque
439 795 586 866 quantum
602 787 733 866 intellegi
752 789 857 867 potuit,
882 787 955 862 haec
970 789 1049 850 visus
1065 799 1111 851 est
1126 791 1172 852 di-

98 892 184 936 cere:
209 879 274 952 ‘ego
290 881 328 945 te,
354 873 517 934 fortissime
533 873 657 934 deorum
672 873 807 946 Hercule,
833 874 949 953 speravi
964 874 1038 936 mihi
1053 875 1172 936 adfutu-

97 978 167 1020 rum
185 959 262 1038 apud
278 959 360 1031 alios,
388 965 419 1018 et
440 958 467 1018 si
486 959 537 1038 qui
553 977 569 1020 a
584 978 633 1020 me
648 966 785 1020 notorem
800 959 933 1038 petisset,
955 967 986 1022 te
1006 960 1050 1022 fui
1073 961 1172 1022 nomi-

48 1052 78 1102 10
97 1052 240 1116 naturus,
254 1044 306 1124 qui
320 1062 368 1106 me
384 1043 496 1124 optime
512 1044 603 1106 nosti.
618 1062 684 1105 nam
700 1043 725 1104 si
738 1044 881 1106 memoria
896 1045 1017 1124 repetis,
1025 1063 1078 1123 ego
1091 1065 1172 1108 eram

99 1130 153 1210 qui
168 1129 275 1190 Tiburi
289 1135 358 1190 ante
374 1129 519 1208 templum
536 1136 621 1190 tunm
637 1129 684 1190 ius
700 1129 833 1190 dicebam
850 1129 922 1190 totis
945 1129 1052 1192 diebus
1068 1149 1172 1192 mense

97 1216 175 1278 lulio
191 1223 221 1278 et
235 1215 377 1294 Augusto.
401 1222 434 1274 tu
448 1215 517 1284 sois,
534 1222 678 1293 quantum
692 1215 750 1276 ihic
762 1215 948 1280 miseriarum
960 1217 1087 1289 tulerim,
1103 1236 1171 1278 oum

99 1300 266 1374 causidicos
282 1300 417 1361 audirem
433 1298 512 1362 diern
529 1307 559 1360 et
574 1306 704 1374 noctem,
721 1300 752 1362 in
768 1318 842 1379 quos
859 1300 885 1362 si
900 1300 1066 1374 incidisses,
1087 1301 1171 1364 valde

98 1387 187 1448 fortis
202 1386 271 1448 lieet
286 1385 339 1446 tihi
357 1385 493 1458 videaris,
510 1385 662 1447 maluisses
679 1387 791 1448 cloacas
804 1389 922 1464 hugeae
934 1404 1078 1466 purgare:
1094 1389 1171 1450 mul·

49 1481 78 1530 15
96 1480 129 1534 to
146 1473 213 1553 plus
229 1491 282 1551 ego
299 1472 441 1550 stercoris
457 1471 589 1532 exhausi.
613 1472 666 1533 sed
682 1472 824 1551 quoniam
839 1471 912 1532 volo’
933 1531 935 1536 .

97 1654 174 1710 ‘non
198 1647 310 1710 mirum
336 1645 414 1726 quod
442 1646 474 1707 in
496 1644 608 1722 curiam
624 1645 767 1725 impetum
783 1645 894 1708 fecisti:
915 1646 990 1708 nihil
1012 1646 1065 1707 tihi
1080 1647 1172 1708 clausi
1194 1643 1212 1704 8

98 1743 156 1796 est.
181 1734 270 1795 modo
286 1733 334 1794 dic
355 1731 452 1804 nobis,
472 1731 591 1811 qualem
614 1732 703 1792 deum
722 1731 814 1793 istum
837 1731 901 1792 deri
921 1732 1001 1794 velis.
1020 1724 1172 1794 Ἐπικού-

98 1838 188 1902 ρειος
200 1812 281 1892 θεὸς
295 1836 358 1880 non
372 1823 473 1896 potest
488 1835 568 1878 esse:
586 1809 658 1877 oilae
673 1809 772 1890 αὐτὸς
785 1815 922 1898 πρᾶγμα
942 1808 1008 1894 ἔχει
1022 1810 1097 1879 οὕτε
1112 1811 1172 1880 dt·-

45 1918 79 1969 20
96 1903 169 1978 λοις
187 1897 339 1985 παρέχεις
355 1900 494 1964 stoicus?
511 1903 660 1983 quomodo
678 1910 775 1982 potest
790 1902 976 1964 “rotundus”
993 1921 1066 1974 esse,
1082 1911 1116 1964 ut
1130 1905 1170 1966 ait

98 1992 192 2052 Varro
207 1990 292 2051 “line
304 1988 408 2067 capite,
428 1988 492 2052 sine
503 1984 700 2067 praeputio”?
724 1995 769 2048 est
781 1987 890 2068 aliquid
902 1988 995 2050 inille
1008 1989 1102 2051 Stoici
1111 1989 1169 2062 dei,

98 2077 160 2140 iam
172 2076 274 2138 video:
290 2093 348 2138 nec
362 2093 413 2136 eor
429 2091 485 2136 nec
497 2082 584 2153 caput
596 2073 692 2134 habet.
715 2073 741 2136 si
753 2073 938 2136 mehercules
950 2094 967 2135 a
977 2075 1105 2136 Saturno
1117 2096 1169 2155 pe-

98 2162 186 2224 tisset
211 2162 267 2222 hoc
281 2160 469 2235 heneficium,
487 2159 569 2224 cuius
583 2179 716 2221 mensem
727 2168 790 2222 toto
803 2179 882 2224 anno
894 2160 1052 2222 celebravit
1063 2161 1169 2224 Satur-

98 2247 224 2310 nalicius
236 2248 385 2326 princeps,
401 2263 463 2307 non
478 2245 593 2308 tulisset
609 2245 692 2319 illud,
708 2246 819 2308 nedum
831 2247 867 2308 ab
878 2245 955 2316 love,
972 2266 1061 2326 quem
1072 2266 1170 2327 quan-

43 2348 78 2398 25
98 2341 164 2396 tum
177 2333 297 2412 quidem
314 2331 345 2394 in
365 2331 413 2394 illo
429 2332 495 2404 fuit,
516 2331 667 2394 damnavit
686 2331 803 2394 incesti.
827 2331 962 2392 Silanum
980 2332 1060 2394 enim
1077 2351 1169 2420 gene-

97 2438 168 2480 rum
180 2437 268 2480 suum
282 2417 396 2480 occidit.
426 2425 548 2496 propter
567 2414 664 2496 quid?
684 2434 817 2478 sororem
833 2435 926 2486 suam,
948 2417 1169 2480 festivissimam

98 2505 235 2566 omnium
246 2506 421 2584 puellarum,
435 2522 524 2582 quarn
533 2521 638 2563 omnes
644 2505 789 2566 Venerem
802 2509 950 2574 vocarent,
963 2503 1067 2565 maluit
1077 2504 1169 2566 luno-

98 2607 172 2651 nem
198 2608 309 2652 vocare.
343 2588 471 2668 “quare'’
497 2589 596 2668 inquit
622 2587 854 2668 “quaeroenim
880 2606 1016 2650 sororem
1041 2586 1168 2651 suam?”

98 2676 201 2748 strdte,
218 2673 453 2737 stude:hthenis
469 2673 626 2735 dimidium
641 2674 718 2745 licet,
738 2672 931 2736 Alexandriae
948 2681 1055 2736 totum.
1079 2675 1168 2754 “quia

41 2779 76 2830 ao
97 2759 227 2822 Romae”
243 2760 345 2840 inquis
364 2766 485 2822 “mures
507 2759 599 2822 molas
621 2758 766 2839 lingunt.’'
788 2759 836 2822 hic
855 2758 941 2821 nohis
963 2778 1051 2822 curva
1074 2761 1168 2822 corri-

97 2843 174 2925 gott
197 2847 267 2925 quid
283 2847 315 2907 in
326 2844 462 2908 cubiculo
475 2864 529 2908 suo
545 2845 640 2917 faciat,
663 2845 767 2916 nescit,
789 2855 818 2906 et
832 2845 892 2906 iam
913 2845 1005 2907 “caeli
1020 2853 1169 2908 scrutatur

97 2929 244 3012 plagas’?
264 2932 337 2993 deus
353 2930 417 2992 heri
443 2930 517 2992 vult:
534 2949 640 3010 parurn
656 2932 791 3011 estquod
809 2931 954 3010 templum
971 2930 1002 2992 in
1017 2931 1167 2994 Britannia

97 3016 292 3096 habetque
308 3017 390 3078 hunc
401 3016 518 3078 barbari
534 3018 635 3078 colunt
651 3024 682 3078 et
703 3025 735 3078 ut
757 3017 846 3079 deum
867 3023 953 3078 orant
973 3016 1088 3100 μωροῦ
1102 3013 1168 3080 εὐι-

96 3098 201 3166 λάτου
216 3100 354 3180 ccxciv?

39 3197 74 3248 35
182 3189 304 3250 tandem
326 3188 386 3249 lovi
402 3188 483 3250 venit
501 3188 533 3250 in
545 3195 687 3262 mentem,
702 3188 822 3269 privatis
835 3189 912 3253 intra
923 3188 1036 3253 curiam
1045 3210 1167 3255 moran·
1190 3190 1209 3250 9

95 3274 180 3336 tibus
206 3273 385 3336 secutoribus
402 3292 462 3346 area
481 3275 565 3338 licere
590 3275 771 3337 sententiam
797 3275 895 3338 dicere
921 3293 978 3338 nec
1004 3278 1165 3358 disputare.

96 3357 171 3439 ‘ego‘
187 3359 286 3438 inquit
300 3365 338 3440 ‘p.
355 3379 379 3420 c.
396 3360 580 3439 interrogare
597 3358 679 3422 vobis
695 3359 900 3440 permiseram,
920 3379 972 3422 vos
993 3382 1076 3428 mera
1102 3383 1167 3426 ma-

95 3445 174 3526 palia
189 3445 311 3508 fecistis.
335 3445 400 3506 volo
415 3454 450 3508 ut
465 3445 588 3508 servetis
604 3447 789 3526 disciplinam
805 3447 912 3509 curiae.
936 3447 983 3510 hic
995 3449 1168 3529 qualiscun-

96 3549 156 3611 que
173 3539 227 3604 est,
244 3531 315 3611 quid
331 3532 368 3593 de
384 3531 471 3593 nobis
486 3530 666 3594 existimabit
674 3529 699 3592 ‘l'
721 3532 771 3593 illo
794 3531 917 3594 dimisso
941 3535 1055 3613 primus
1071 3536 1167 3597 inter-

150 3681 179 3733 11
194 3680 299 3746 quiriti
312 3678 320 3748 ΙΙ
335 3680 366 3730 12
379 3680 529 3732 contulerim
541 3682 552 3746 ΙΙ
567 3685 597 3733 19
610 3675 640 3741 ὃς
653 3675 883 3734 oilreFromondus
895 3681 905 3747 ΙΙ
919 3683 950 3734 23
961 3684 1101 3735 saturnalia
1111 3683 1166 3735 eius

106 3747 115 3817 11
130 3748 164 3799 24
176 3749 249 3799 illurn
263 3748 335 3800 deum
348 3749 378 3800 ab
391 3749 474 3802 iovem
486 3749 529 3815 qui
542 3747 551 3816 ll
565 3751 596 3802 26
615 3750 710 3802 occidit
720 3767 765 3802 oro
783 3766 830 3818 per
846 3752 910 3816 quod
923 3767 1038 3804 sororem
1052 3750 1060 3820 ll
1075 3753 1106 3802 27
1120 3769 1166 3804 vo-

92 3815 274 3954 clpppppipplet
293 3817 418 3886 Haupte‘us
437 3817 491 3886 l3⁰
512 3819 622 3882 corrigit
634 3817 643 3887 ll
657 3818 687 3870 31
710 3820 796 3870 nescio
815 3817 870 3886 [136
883 3819 968 3871 dicere
988 3820 1059 3872 nefus
1081 3821 1166 3887 putari
