2838 4348
485 173 499 184 .
617 107 811 184 6661666666

638 283 706 346 11111
721 283 787 362 (23)

126 393 157 443 57
383 401 421 445 ne
437 384 485 446 rne'
499 382 623 464 pedatus
637 396 660 432 Δ
671 423 691 442 υ
706 385 848 450 versutum
862 387 965 450 tardor

381 469 512 531 refrenet
526 476 588 531 orte
604 471 735 552 compari
749 473 912 553 rhythmon
928 482 1041 537 certum

125 712 158 764 58
281 696 411 776 mihique
425 696 493 770 divi,
509 699 580 762 dum
595 601 792 764 stillullllisltlrlu)
800 701 902 783 papyri
912 702 1001 766 inlevi
1013 723 1127 786 scapos,
1143 705 1249 788 capitis

182 801 259 846 novo
273 789 361 863 partu
375 785 514 863 poetioon
1240 815 1248 834 ’

657 889 708 950 xv
724 891 769 966 (1)

126 997 158 1047 56
281 1004 349 1046 cum
365 985 525 1067 Quintipor
540 986 658 1050 Clodius
673 997 720 1051 tot
735 989 903 1051 comoedias
914 989 980 1051 sine
991 991 1163 1056 ullafeoerit
1179 1013 1247 1057 mu-

180 1090 222 1146 sa,
238 1089 293 1150 ego
308 1089 401 1133 unum
417 1071 546 1134 libellum
563 1091 625 1134 non
641 1075 774 1137 ‘edolcm'
790 1083 824 1137 ut
839 1075 879 1136 ait
893 1073 1034 1138 Ennius?
1074 1105 1086 1123 ·

650 1203 714 1268 XVl
742 1205 760 1267 3

124 1312 157 1363 6ο
281 1299 380 1363 ebrius
397 1301 549 1374 cellares,
566 1303 711 1384 Odyssian
729 1209 812 1367 (enlm
828 1304 948 1368 Homeri
968 1306 1115 1368 ruminari
1129 1307 1248 1390 incipis,

180 1405 249 1450 curu
264 1384 342 1468 napi
357 1384 493 1470 ecdurum
507 1389 688 1470 scripturum
702 1397 732 1452 te
748 1390 817 1452 Seio
832 1392 982 1473 receperis

124 1629 153 1680 61
279 1616 346 1678 ideo
361 1616 430 1696 fuga
441 1616 572 1679 hostium
589 1521 830 1698 gradclllllltur
844 1617 962 1706 τροπή.
978 1620 1048 1684 hinc
1058 1621 1151 1702 spolia
1164 1631 1247 1704 capta

178 1703 235 1766 lira
251 1702 283 1764 in
299 1702 450 1783 stipitibus
466 1704 652 1784 appellantur
666 1715 787 1788 tropaea

124 1935 156 1984 62
197 2007 226 2070 ss·
279 1917 479 2008 κατάχρησις
495 1933 540 1987 est
555 1825 728 2001 enrmllrlll
742 1827 810 1988 llln
822 1925 854 1989 in
863 1926 1040 1989 candelabro
1052 1927 1165 2007 pendet
1176 1928 1249 1990 stri-

178 2027 196 2089 g
218 2027 243 2070 rs

616 2114 719 2179 Xllllll
742 2114 808 2192 (24)

124 2225 156 2275 63
280 2211 326 2273 avi
342 2220 372 2274 et
387 2214 461 2275 atavi
476 2214 582 2288 nostri,
600 2233 668 2277 cum
684 2214 774 2276 alium
795 2233 829 2276 ac
843 2234 933 2296 caepe
948 2233 1052 2279 eorum
1071 2215 1160 2279 verba
1183 2216 1248 2278 ole-

178 2304 255 2371 rent,
272 2305 372 2360 tamen
389 2307 512 2380 optume
527 2301 649 2364 animati
664 2306 749 2362 erant
910 2299 912 2304 ’

122 2518 155 2569 ot
278 2505 377 2567 socius
393 2521 424 2565 es
444 2502 589 2579 hostibus,
609 2403 817 2575 lollsxslelic
839 2502 948 2565 bellum
970 2502 1009 2564 ita
1024 2479 1101 2582 geris
1116 2511 1150 2565 ut
1169 2503 1246 2566 bella

178 2590 279 2652 omnia
293 2590 417 2653 domum
432 2590 547 2652 auferas

745 2691 765 2754 8

122 2801 155 2851 65
279 2791 311 2853 in
325 2792 465 2855 invidiam
482 2793 604 2855 veniant
617 2694 723 2854 inxllllc
733 2696 801 2873 lplo
816 2791 1001 2872 rapinatores

640 2921 720 2984 111111
746 2921 764 2983 6

123 3035 155 3086 66
279 3044 340 3086 non
362 3029 392 3085 te
406 3024 499 3106 pudet
513 3023 601 3096 Mani,
625 3042 693 3084 cum
714 2926 795 3083 dlinli
814 3027 882 3084 tuae
905 3019 988 3082 vides
1008 3019 1246 3084 commilitonum

181 3115 301 3172 tuorum
317 3109 446 3172 cohortis
461 3108 553 3172 servis
569 3109 630 3172 tuis
645 3108 815 3170 ministrare
831 3101 1007 3170 caementa?

122 3352 154 3403 ot
277 3357 333 3402 nos
350 3359 419 3420 ergo
436 3341 509 3403 nihil
525 3238 853 3420 egimulslfflgllilgem
868 3301 1011 3400 Liciniam
1027 3333 1089 3397 1661
1106 3334 1184 3396 claro
1200 3336 1244 3398 la-

158 3435 238 3548 ‘tam
253 3423 430 3489 scutulans‘l

228 3615 259 3664 51
270 3617 353 3681 potest
364 3621 443 3681 usquc
456 3611 613 3666 intercidisse
624 3615 671 3662 aut
693 3611 749 3678 igre
762 3613 822 3662 aute
834 3606 934 3676 podatu’
949 3605 958 3674 ll
972 3607 1004 3660 58
1016 3616 1046 3659 ut
1057 3605 1112 3658 lovi
1125 3606 1182 3660 dum
1196 3609 1246 3660 sti·

174 3681 200 3731 lo
217 3680 370 3733 obstetricio
382 3681 530 3734 dialectics
545 3682 549 3747 1
566 3681 660 3748 capitio
676 3628 788 3746 luorum
801 3685 900 3746 parturn
919 3675 1048 3740 oehlerus,
1064 3675 1245 3744 6661166666-

174 3751 246 3800 tinus
257 3750 268 3813 ll
280 3750 312 3800 62
330 3751 432 3814 strigile
448 3750 568 3804 deuteros
579 3753 640 3816 quia
651 3751 740 3802 mauri
748 3749 851 3814 panorm
864 3761 953 3796 nomon
964 3745 993 3796 id
1002 3746 1131 3812 ibiscum
1143 3743 1245 3809 Nonius

174 3820 293 3880 testatur,
307 3820 361 3868 uiri
385 3823 439 3870 orte
451 3819 558 3870 sublime
570 3816 704 3870 intercidit
717 3815 725 3884 ΙΙ
739 3817 771 3870 64
785 3815 870 3871 socius
882 3814 978 3865 bellum
991 3812 1000 3882 ll
1013 3814 1045 3864 67
1056 3813 1180 3867 lucaniam
1190 3813 1245 3866 luci

173 3884 254 3936 codsa
265 3881 344 3936 Nonii
405 3887 574 3953 lfcrdptarrus,
588 3890 692 3938 tantum
701 3881 924 3958 lucunidoidouais
938 3883 943 3948 Ι
959 3882 1109 3937 sustulimus
1123 3880 1244 3932 Oedlcrus
