2860 4340
687 73 694 84 '
724 93 879 154 annnoun

744 319 848 383 XVllll

358 421 543 484 Terentianus
557 423 679 485 Maurus
695 425 727 486 de
742 428 854 486 metris:

513 509 668 572 Horatium
683 509 817 571 videmus

512 614 615 658 versus
630 597 742 657 tenoris
758 596 846 658 huius

512 673 663 762 nusquam
676 682 787 742 locasse
802 681 894 760 iuges,

513 773 542 828 at
556 763 675 830 Arbiter
690 764 818 828 disertus

405 865 474 916 2490
518 851 599 914 libris
615 852 677 913 suis
692 851 872 933 frequentat.

513 955 672 1016 agnoscere
687 939 758 999 baec
772 939 908 1019 potestis,

513 1031 633 1085 cantare
649 1043 724 1105 quae
740 1025 887 1086 solemus:

501 1108 718 1189 ‘Memphitides
734 1111 848 1190 puellae

511 1196 600 1257 sacris
616 1197 704 1256 deum
713 1203 846 1274 paratae.

402 1295 468 1346 2495
511 1281 622 1342 tinctus
638 1282 735 1342 colore
751 1281 846 1344 noctis

510 1385 601 1428 manu
615 1385 689 1448 puer
705 1367 828 1447 loquaci'

352 1449 462 1512 Murrius
481 1451 638 1514 Victorinus
661 1451 708 1514 ΙΙΙ
725 1453 766 1514 17
777 1471 807 1532 p.
831 1449 896 1514 190
918 1451 1078 1533 Guisfordi:
1105 1455 1196 1517 buius
1219 1458 1333 1518 tenoris

269 1555 303 1598 ac
316 1537 430 1597 formae
448 1537 592 1616 quosdam
608 1556 711 1600 versus
726 1547 829 1617 poetas
851 1537 957 1616 lyricos
973 1539 1153 1602 carminibus
1174 1543 1239 1604 suis
1255 1543 1333 1605 indi-

268 1623 345 1684 disse
354 1623 552 1703 cognovimus,
561 1623 1060 1704 utetapudbrbitruminvenimus,
1070 1626 1153 1688 cuius
1162 1631 1331 1709 exemplum

500 1709 716 1790 ‘Memphitidos
731 1707 844 1789 puellae
958 1777 961 1784 ,

512 1796 602 1861 sacris
617 1797 704 1858 deum
720 1795 857 1875 paratae'.
926 1855 928 1862 .

267 1879 339 1942 item
499 1883 620 1943 ‘tinctus
636 1882 732 1944 colore
748 1882 843 1944 noctis

509 1967 665 2047 Aegyptias
681 1967 811 2029 choreas'

767 2228 820 2291 XX

353 2330 539 2398 Terentianae
554 2333 676 2397 Maurus
692 2334 725 2396 de
740 2335 852 2396 metris:

509 2437 588 2482 nunc
604 2419 716 2492 divisio,
733 2438 822 2499 qnam
837 2419 1004 2498 loquemur,
1022 2419 1089 2481 edet

400 2523 466 2574 2850
511 2514 640 2567 metrum
656 2525 715 2585 quo
731 2512 901 2566 memorant
915 2506 1101 2567 Anacreonta

510 2593 611 2653 dulces
628 2593 833 2671 composuisse
849 2591 1019 2652 cantilenas.

507 2677 563 2738 hoc
578 2676 737 2738 Petronius
752 2676 904 2738 invenitur
918 2694 1000 2748 usus,

507 2762 597 2824 Musis
613 2781 680 2823 cum
697 2762 820 2842 lyricum
836 2765 928 2825 relert
943 2761 1072 2824 eundem

507 2849 700 2910 consonantia
714 2849 803 2910 verba
819 2848 986 2920 cantitasse‚

399 2949 465 3000 2855
510 2941 540 2994 et
554 2935 653 3014 plures
669 2933 726 2996 alii.
758 2935 810 2996 sed
826 2934 884 2996 iste
899 2953 1004 2996 versus

506 3020 584 3099 quali
601 3019 782 3099 compositus
797 3028 880 3080 tomo
893 3019 941 3090 sit,
959 3021 1053 3081 edam.

498 3105 645 3166 ‘iuverunt
660 3114 775 3184 segetes
791 3125 892 3167 meum
909 3103 1060 3167 laborem'.

496 3190 651 3252 ‘inverunt’
667 3199 755 3272 caput
768 3199 814 3252 est
829 3191 859 3252 id
874 3190 1037 3253 hexametri
1052 3225 1093 3232 —

396 3291 461 3343 2861
508 3278 587 3358 quod
602 3285 694 3339 restat
711 3283 835 3356 ‘segetes
852 3295 951 3340 meum
966 3271 1117 3340 laborem'.

506 3364 563 3424 tale
580 3370 626 3424 est
642 3382 695 3424 ceu
712 3363 829 3442 ‘triplici
844 3362 925 3425 vides
941 3372 974 3424 ut
989 3371 1056 3426 ortu

505 3447 621 3510 Triviae
635 3456 752 3511 rotetur
766 3449 842 3528 ignis

505 3535 675 3614 volucrique
691 3534 828 3597 Phoebus
844 3552 897 3596 axe

397 3633 463 3684 2865
508 3621 644 3701 rapidum
661 3628 794 3700 pererret
809 3618 921 3681 orbem'

332 3719 396 3770 2862
409 3719 507 3785 triplici
519 3725 542 3770 et
553 3737 615 3786 quae
627 3725 745 3772 secuntur
757 3721 872 3772 ‘Arbiter
883 3717 1022 3770 Sutiricoa'
1035 3723 1166 3787 scripsisse
1174 3721 1269 3774 dicitur
1281 3738 1324 3772 en·

262 3790 358 3856 pressis
368 3791 449 3838 vorbis
459 3804 476 3837 α
490 3788 623 3840 Victorino
633 3790 677 3840 IV
686 3789 701 3838 1
712 3807 738 3856 p.
747 3789 797 3838 211
813 3787 895 3854 Gaias.

331 3855 397 3933 2865
410 3856 513 3908 rutilum
526 3856 628 3908 Mallius
643 3856 785 3909 Theodorus
796 3858 813 3906 5
821 3873 846 3924 p.
860 3857 910 3908 545
924 3855 952 3908 G.
