2838 4348
603 147 772 204 VARRONIS
1154 151 1215 213 163

250 403 342 465 Verre
357 406 388 464 in
401 403 455 464 liud
470 403 628 481 Menippea]
635 305 723 465 1222222)
730 404 763 465 de
778 401 881 465 invicto
897 401 1021 465 Hercule
1046 402 1217 482 loqueretar,
1239 418 1271 468 2ο

141 487 265 551 eundem
280 508 338 551 esse
354 508 387 550 ue
402 487 525 551 Martem
537 487 673 568 probauit

496 628 585 682 ΔΑΜ
603 629 656 683 0Y
674 630 795 682 MENEI
815 633 861 682 ΣΕ

524 717 600 787 περ)
619 715 846 785 φιλαργυρίας

645 802 718 878 ill)

346 898 435 979 quern
451 908 591 964 secuntur
606 899 672 963 edm
689 899 827 962 rutundis
843 899 943 972 velites
958 900 1037 962 leves
1052 901 1173 982 parmis,
1240 903 1271 954 21

346 985 533 1066 antesignani
549 985 701 1068 quadratis
717 984 937 1065 multisignibus
952 987 1022 1048 teeti

246 1175 358 1237 etenim
375 1173 483 1255 quibus
505 1195 589 1255 seges
609 1176 748 1255 praebeat
766 1173 900 1248 domum,
921 1194 1029 1250 escam,
1050 1175 1213 1255 potionem,
1239 1188 1271 1239 22

144 1262 217 1342 quid
234 1258 466 1322 desideremus?
1063 1287 1066 1290 ·
1104 1283 1108 1290 ¹

626 1345 666 1406 ΠΙ
688 1345 733 1423 (2)

246 1463 356 1524 quaero
377 1464 396 1506 e
415 1452 456 1518 te,
481 1452 583 1508 utrum
605 1443 662 1506 hoe
682 1443 837 1506 adduxerit
852 1445 924 1507 caeli
950 1451 1151 1526 temperatura
1178 1466 1216 1510 an
1240 1458 1272 1510 23

144 1539 241 1594 terrae
257 1529 373 1592 bonitas

624 1617 678 1678 llll
693 1617 738 1691 (1)

246 1733 303 1776 nos
324 1713 451 1786 barbari,
473 1713 553 1794 quod
575 1714 751 1778 innocentes
772 1713 804 1774 in
819 1713 956 1791 gabalum
971 1715 1137 1794 sulligimus
1160 1715 1216 1776 ho·
1239 1727 1272 1786 22

144 1801 259 1877 nrines3
275 1820 327 1862 vos
343 1818 406 1862 non
420 1799 547 1874 barbari,
564 1801 644 1881 quod
659 1799 764 1862 noxios
781 1797 895 1862 obicitis
911 1798 1040 1862 bestiis?

575 1935 779 1988 ΑΝΒΑΒΑΤΑΕ

633 2033 646 2094 Ι
662 2034 727 2110 (11)

299 2163 302 2168 ·
347 2131 446 2194 anima
459 2131 492 2194 ut
504 2132 641 2194 conclusa
653 2131 684 2194 in
696 2133 803 2208 vesica,
820 2133 939 2213 quandd
952 2141 998 2196 esi
1011 2141 1074 2196 arte
1084 2132 1215 2214 religata,
1239 2149 1271 2201 25

347 2218 373 2279 si
387 2218 563 2299 pertuderis,
580 2225 646 2282 aera
663 2219 767 2281 reddet

634 2321 659 2383 ll
683 2323 727 2398 (7)

350 2418 507 2481 candidum
522 2419 580 2481 lact
596 2419 611 2480 e
626 2419 732 2500 papilla
749 2418 816 2481 cum
832 2420 906 2493 nuit,
922 2419 1042 2500 signium
1058 2427 1165 2500 putant
1238 2405 1271 2484 26

348 2505 472 2585 pertula,
496 2507 576 2587 quod
591 2505 639 2567 hie
654 2511 797 2585 sequatur
811 2504 967 2567 mulierem
984 2526 1000 2567 e
1015 2513 1102 2588 partu
1116 2506 1215 2586 liquor

629 2608 668 2670 lll
689 2608 734 2684 (3)

349 2707 404 2770 nde
420 2725 524 2769 manus
541 2706 618 2768 vised
635 2707 731 2770 tenaci
746 2707 875 2770 tinxerat
886 2707 939 2769 viri
952 2714 1045 2770 castas
1239 2715 1270 2768 22

623 2812 677 2874 llll
693 2813 737 2890 (5)

350 2911 488 2974 mertiles
503 2911 588 2974 multi
602 2905 707 2974 rdrsus
723 2932 757 2974 ae
770 2907 893 2993 prorsirs
908 2916 1010 2973 meant
1237 2925 1270 2980 23

498 3018 501 3026 '
635 3015 726 3092 V(2)

251 3112 355 3194 edepol
369 3112 448 3176 idem
464 3133 578 3190 caecus,
594 3132 656 3178 non
671 3115 843 3179 luscitiosus
859 3120 904 3176 est
1238 3126 1270 3176 29

286 3207 290 3214 ’
629 3219 666 3282 vl
682 3219 726 3296 (1)

250 3335 311 3378 non
325 3317 432 3378 muurn
449 3316 474 3377 si
490 3317 640 3390 caecutlis
656 3335 762 3379 aurum
775 3316 854 3377 enim
867 3333 930 3378 non
940 3314 1038 3376 minus
1051 3309 1214 3393 praestrin-
1235 3323 1268 3376 ³0

146 3400 188 3482 git
204 3401 306 3464 oculos
322 3421 411 3483 quam
428 3393 445 3465 ὃ
462 3398 565 3475 πολὺς
581 3394 722 3485 ἄκρατος

624 3506 675 3567 Vll
693 3504 738 3583 (9)

250 3605 302 3666 sed
318 3604 433 3685 quidvis
448 3605 549 3684 petius
564 3605 655 3666 home
672 3621 761 3684 quam
776 3603 934 3674 caruncula
949 3608 1058 3667 nostra
1237 3607 1269 3662 31

218 3778 249 3828 21
263 3779 353 3830 inultis
367 3777 510 3842 insignibus
524 3775 533 3846 ((
547 3779 580 3829 24
593 3778 652 3845 qnid
663 3777 756 3828 noxios
768 3775 882 3827 ohuestis
895 3773 905 3844 ((
918 3775 1041 3840 251igata
1055 3772 1064 3841 (1
1078 3773 1110 3824 26
1119 3789 1134 3824 a
1143 3781 1218 3840 partu

152 3843 311 3965 cqfflln
330 3855 399 3900 easta
413 3845 467 3915 ((29
485 3847 575 3914 edepol
592 3854 621 3898 tu
637 3846 737 3913 quidem
749 3859 848 3910 caecus,
866 3862 915 3897 non
932 3841 1091 3896 luscitiesn's
1109 3841 1218 3896 Plautus

146 3931 185 3965 mr
200 3953 205 3964 .

1005 3980 1055 4034 11*
