2864 4344
656 195 810 252 rnruunll

293 447 449 522 operuerat
463 438 594 520 Ascyltos
608 438 695 519 pallio
711 379 809 520 {put
825 437 994 502 admonitus
1014 437 1124 502 scilicet
1145 439 1267 520 pericu·
1287 457 1312 510 ι,

208 527 304 590 losum
320 545 395 602 esse,
408 526 512 589 alicnis
526 525 705 588 intervenire
721 526 843 588 secretis
862 553 867 566 ·

292 698 366 760 duas
384 697 498 760 institas
518 697 621 761 ancilla
640 632 763 778 protudit
783 696 821 759 de
840 697 910 760 sinu
930 695 1079 780 alteraque
1098 697 1188 778 podes
1206 715 1265 760 no·

206 793 286 848 strcs
300 783 432 865 alligavit,
448 784 538 859 altera
552 801 659 846 manus

291 955 422 1036 Ascyltos
437 955 497 1018 iam
511 953 665 1017 deficiente
674 894 841 1017 fabirlarum
852 962 992 1017 contextu
1003 950 1108 1035 ‘quid‘t
1137 951 1201 1034 ego'
1215 954 1265 1016 in·
1284 969 1301 1019 5

208 1040 272 1122 quit
291 1048 363 1104 ‘non
385 1060 452 1104 sum
473 1041 580 1121 dignus
600 1041 652 1121 qui
675 1037 811 1102 bibam‘t’
840 1041 944 1104 ancilla
968 1039 1032 1103 risu
1056 1057 1124 1102 mec
1149 1041 1267 1120 prodita

207 1127 363 1208 complosit
377 1146 482 1190 manus
497 1137 528 1189 et
542 1125 677 1209 ‘apposui
688 1126 808 1207 quidem
823 1146 843 1183 s
858 1128 1042 1201 adulescens,
1057 1127 1137 1188 solus
1147 1133 1266 1189 tantum

206 1213 457 1276 medicamentum
473 1209 622 1276 ebibisti‘l’
652 1211 740 1275 ‘itane
755 1209 833 1276 cstt’
848 1213 945 1294 inquit
958 1213 1101 1286 Quartilla
1116 1212 1266 1296 ‘quicquid

207 1299 307 1378 satyrii
320 1299 387 1373 luit,
401 1300 561 1381 Encolpius
579 1295 701 1362 ebibit‘l’

290 1487 354 1532 non
368 1470 517 1534 indecenti
531 1471 594 1534 risu
608 1471 699 1534 latera
714 1410 874 1534 summovit
1287 1477 1322 1528 lu

298 1640 304 1724 Ι
323 1660 358 1705 ac
371 1660 411 1704 nc
421 1641 510 1704 Giton
521 1641 641 1723 quidem
652 1581 756 1704 ultinio
768 1642 862 1705 risum
873 1641 978 1714 tenuit,
992 1641 1095 1722 utiquc
1104 1647 1265 1724 postquam
1284 1645 1333 1699 Lo
1418 1685 1419 1724 y

206 1726 379 1806 virguncula
393 1729 537 1791 cervicem
552 1729 617 1792 eius
631 1729 738 1790 invasit
753 1735 783 1790 et
797 1746 860 1790 non
875 1729 1051 1810 repugnanti
1065 1745 1159 1807 puero
1174 1727 1266 1790 innu-
1418 1743 1419 1746 ’

207 1813 356 1876 merabilia
371 1814 469 1877 oscula
484 1814 564 1876 dedit

154 1983 193 2046 nt
299 1981 493 2067 {volebamus
508 1984 609 2046 miseri
624 1923 796 2058 exclamare,
812 1983 932 2047 sednec
945 1983 1307 2064 inauxiliceratquis·b
1366 2009 1368 2015 ’

207 2085 306 2149 quam
322 2077 353 2132 et
367 2070 437 2131 binc
452 2069 563 2150 Psyche
579 2089 633 2134 acu
647 2071 806 2132 comatoria
818 2070 950 2151 cupienti
962 2071 1035 2132 mihi
1045 2070 1181 2133 invocare
1190 2063 1264 2144 Qui-
1286 2087 1318 2142 15

206 2153 298 2217 ritum
309 2155 398 2218 fidam
406 2157 498 2218 malas
509 2155 669 2237 pungebat,
682 2157 762 2219 illinc
772 2157 869 2237 puella
878 2157 1024 2237 penicillo,
1036 2157 1115 2236 quod
1126 2163 1156 2219 et
1166 2156 1264 2237 ipsum

206 2241 314 2320 satyrio
329 2241 466 2317 tinxerat,
481 2242 618 2322 Ascylton
634 2243 819 2324 opprimebat

290 2413 394 2475 ultimo
409 2413 547 2476 cinaedus
562 2352 741 2494 supervenit
748 2421 860 2494 myrtea
872 2414 1051 2478 subornatus
1063 2431 1190 2496 gausapa
1200 2414 1266 2477 ciu-

207 2497 334 2581 guloquc
349 2499 519 2563 succinctus

290 2586 379 2647 modo
393 2587 517 2649 extortis
531 2603 586 2648 nos
602 2585 739 2650 clunibus
755 2585 871 2661 cecidit,
887 2586 976 2649 modo
991 2584 1082 2648 basiis
1098 2585 1264 2649 olidissimis
1283 2599 1317 2650 20

205 2666 377 2750 inquinavit,
400 2673 495 2735 donec
509 2671 649 2745 Quartilla
664 2672 868 2736 balaenaceam
891 2681 999 2736 tenens
1018 2672 1128 2754 virgam
1148 2672 1265 2752 alteque

206 2756 357 2820 succincta
372 2757 460 2821 iussit
473 2756 641 2821 infelicibus
657 2758 720 2822 dari
734 2759 907 2822 missionem

289 2935 416 3009 uterque
439 2935 577 2994 nostrum
598 2869 825 3010 remiossssimb
852 2928 958 2993 iuravit
979 2928 1092 3002 verbis,
1115 2927 1193 2992 iuter
1211 2947 1265 2992 acc

206 3012 281 3076 duos
296 3014 463 3096 periturum
478 3035 542 3080 esse
557 3025 618 3079 tam
632 3015 773 3081 horribile
788 3023 936 3081 secretum

289 3184 476 3250 intraverunt
490 3187 677 3270 palaestritae
692 3129 860 3270 cossnplures
875 3197 906 3251 ct
917 3206 971 3251 nos
984 3185 1115 3268 legitimo
1126 3187 1264 3269 perfusos
1282 3201 1315 3254 25

205 3269 271 3333 cleo
285 3273 463 3336 refecerunt.
493 3282 646 3357 utcunque
661 3295 732 3358 ergo
746 3274 922 3338 lassitudine
933 3273 1043 3337 abiecta
1055 3274 1202 3336 cenatoria
1213 3292 1264 3336 re-

204 3356 334 3436 petimus
352 3359 426 3422 etin
440 3360 604 3442 proximam
628 3363 730 3424 cellam
748 3361 829 3423 ducti
849 3378 964 3435 sumus,
986 3361 1018 3422 in
1039 3378 1097 3440 qua
1115 3367 1176 3421 tres
1196 3360 1264 3422 lecti

204 3445 290 3507 strati
304 3453 390 3509 eraut
404 3453 434 3508 et
448 3447 578 3528 reliquus
592 3443 771 3512 lautitiarum
788 3454 944 3528 apparatus
959 3445 1196 3526 splendidissime
1211 3465 1264 3508 ex·

272 3635 287 3686 5
300 3649 360 3698 crgo
373 3632 382 3703 ll
396 3633 410 3685 7
423 3635 541 3702 apposuit
555 3634 560 3701 Ι
575 3641 658 3686 tamen
671 3633 853 3702 Scaligcrcnur
864 3629 903 3701 ΙΙΒ
920 3631 1000 3684 ebibit
1012 3634 1062 3686 istc
1074 3631 1202 3702 Hauptt‘us
1216 3629 1221 3702 Ι
1236 3633 1264 3686 iu

204 3700 272 3755 libro
283 3701 361 3755 xlltl.
374 3703 418 3755 ubi
430 3703 559 3768 Quartilla
570 3703 722 3771 interposita
734 3704 834 3755 Ascilto
847 3709 875 3753 ct
885 3700 1007 3769 Encolpio
1023 3703 1158 3770 propinato
1171 3701 1264 3754 iterum

204 3771 252 3823 illa
268 3778 338 3838 parta
354 3773 526 3842 [expectabam
542 3788 588 3839 pro
607 3773 661 3824 inat
673 3780 699 3824 ct
709 3772 768 3823 buic
780 3770 875 3822 ancilla
888 3770 994 3838 partem]
1011 3771 1106 3824 Ascilti
1123 3770 1216 3823 tribuit
1231 3772 1264 3822 ad

204 3839 348 3906 potandum.
372 3841 438 3891 undo
449 3841 485 3892 ait
497 3788 626 3908 Quartifla
640 3840 765 3908 ‘quicquid
777 3837 867 3890 astirei
880 3837 938 3901 luit,
948 3837 1086 3907 Encolpius
1099 3835 1203 3891 cltbitt
1217 3837 1265 3892 ad·

203 3911 308 4029 qqra'prq't
322 3909 643 4046 iitafigdawryypfflfyffigi
653 3909 790 3990 ambrosia
800 3922 865 3976 quac
880 3909 956 3975 r'nsr.
970 3907 1027 3960 Vll
1041 3911 1116 3976 posui
1131 3910 1160 3960 ic
1180 3908 1263 3960 codice

228 3992 326 4029 macco
416 3993 491 4030 saecu
641 3991 763 4043 gausaprs
