2864 4344
612 133 754 236 sariunt
1172 185 1210 246 51

107 347 134 398 11
235 341 296 404 ibat
310 357 357 402 res
374 341 409 404 ad
431 357 580 404 summam
602 359 753 414 nauseam,
782 361 849 403 cum
870 341 1047 404 Trimalchio
1072 341 1211 404 ebrietate

147 427 320 508 turpissima
335 428 428 506 gravis
445 447 553 490 novum
571 445 716 500 acroama,
732 428 908 502 cornicines,
924 430 955 491 in
971 428 1134 490 triclinium
1150 428 1212 491 ius-

147 517 188 578 sit
203 514 319 588 adduci,
336 514 488 595 fultusque
504 515 693 577 cervicalibus
705 515 806 576 multis
818 517 950 578 extendit
965 535 997 576 se
1009 533 1100 594 super
1112 523 1210 577 torum

147 608 316 664 extremum
332 608 361 662 et
381 601 491 680 ‘fingite
508 599 564 663 me’
587 601 683 681 inquit
706 605 869 662 ‘mortuum
885 622 959 666 esse.
993 602 1081 664 dicite
1103 602 1212 682 aliquid

111 699 126 748 5
146 686 235 749 belli!
270 705 457 748 consenuere
472 687 645 749 cornicines
653 686 772 749 funebri
787 689 922 768 strepitu.
956 706 1034 750 unus
1055 689 1211 768 praecipue

147 793 252 835 servus
278 771 428 834 libitinarii
450 773 537 846 illius,
562 773 613 854 qui
633 773 712 834 iuter
732 773 794 834 hos
807 774 1035 836 honestissimus
1051 782 1124 847 erat,
1150 783 1212 837 tam

146 861 231 922 valde
247 858 386 932 intonuit,
401 867 436 919 ut
449 865 543 920 totam
558 859 722 922 concitaret
737 859 882 922 viciniam.
917 859 1018 941 itaque
1033 861 1143 939 vigiles
1160 861 1212 941 qui

146 945 356 1007 custodiebant
375 945 500 1008 mciuam
522 945 684 1026 regionem,
706 945 762 1007 rati
783 947 888 1008 ardere
910 947 1136 1008 Trimalchionis
1157 948 1212 1008 do-

147 1051 242 1106 mum,
258 1031 438 1111 effregerunt
460 1031 579 1094 ianuam
595 1031 694 1093 subito
711 1039 740 1093 et
756 1051 824 1094 cum
840 1050 916 1113 aqua
932 1033 1145 1114 securibusque
1160 1041 1210 1094 tu-

97 1135 128 1185 10
148 1117 289 1181 multuari
305 1135 360 1180 suo
375 1118 440 1179 iure
452 1125 626 1197 coeperunt.
661 1136 715 1179 nos
728 1118 915 1180 occasionem
927 1119 1211 1200 opportunissimam

146 1205 226 1267 nacti
242 1203 459 1282 Agamemnoni
480 1204 567 1266 verba
589 1203 723 1266 dedimus
743 1204 912 1287 raptimque
933 1213 995 1267 tam
1014 1209 1101 1288 plene
1121 1223 1211 1286 quam

145 1311 183 1354 ex
198 1290 336 1353 incendio
352 1289 494 1370 fugimus.
570 1293 571 1298 ’

105 1473 126 1526 t
228 1459 233 1542 Ι
254 1480 352 1542 neque
364 1461 411 1522 lex
425 1461 482 1522 ulla
496 1460 528 1522 in
544 1461 690 1541 praesidio
707 1468 777 1534 erat,
803 1481 879 1542 quae
894 1464 951 1525 iter
966 1465 1092 1544 aperiret
1107 1483 1212 1526 erran·
1222 1463 1263 1524 79

143 1547 238 1619 tibus,
259 1565 314 1610 neo
328 1547 477 1609 silentium
493 1545 589 1609 noctis
611 1547 670 1608 iam
685 1544 803 1610 mediae
817 1549 1009 1628 promittebat
1029 1549 1212 1612 occurrenti-

97 1639 126 1692 15
146 1653 199 1696 um
214 1635 328 1695 lumen.
362 1634 517 1695 accedebat
531 1634 589 1694 huc
604 1633 729 1695 ebrietas
745 1641 775 1695 et
789 1634 991 1714 imprudentia
1005 1636 1140 1698 locorum
1155 1637 1212 1698 cti·

145 1741 194 1782 am
210 1719 341 1782 interdiu
357 1719 506 1782 obfutura.
541 1718 640 1800 itaque
655 1739 723 1780 cum
738 1721 811 1782 hora
831 1738 925 1799 paene
946 1729 1009 1784 tota
1031 1741 1083 1802 per
1104 1739 1210 1783 omnes

147 1825 271 1887 scrupos
285 1815 510 1887 gastrarumque
526 1804 721 1867 eminentium
741 1807 906 1885 fragmenta
926 1809 1119 1870 traxissemus
1142 1825 1210 1870 oru-

149 1900 235 1954 entos
249 1893 350 1972 pedes,
364 1891 485 1954 tandem
502 1890 631 1971 expliciti
647 1891 783 1952 acumine
799 1891 915 1956 Gitonis
930 1912 1044 1956 sumus.
1078 1893 1209 1976 prudens

151 1977 232 2039 enim
247 1977 371 2060 [pridie],
388 1996 455 2038 cum
470 1978 535 2039 luce
550 1978 639 2039 etiam
655 1978 732 2038 clara
748 1978 869 2040 timeret
884 1999 1026 2055 errorem,
1043 1997 1146 2043 omnes
1161 1980 1208 2061 pi-

100 2067 132 2120 20
150 2063 192 2126 las
204 2063 414 2144 columnasque
425 2070 579 2126 notaverat
592 2071 682 2134 creta,
695 2083 770 2143 quae
782 2064 960 2129 lineamenta
969 2068 1121 2129 evicerunt
1133 2068 1210 2147 spis-

147 2149 296 2212 sissimam
313 2157 431 2211 noctem
445 2157 474 2212 et
489 2149 612 2212 notabili
628 2150 755 2212 caudore
771 2152 970 2216 ostenderunt
984 2154 1150 2216 errantibus
1168 2153 1211 2214 vi·

146 2255 205 2298 am.
240 2236 374 2318 quamvis
390 2254 450 2297 non
466 2235 568 2298 miuus
584 2235 700 2297 sudoris
721 2236 881 2299 habuimus
898 2239 986 2302 etiam
1001 2247 1158 2320 postquam
1174 2239 1210 2304 ad

145 2323 295 2385 stabulum
310 2319 510 2402 pervenimus.
544 2341 619 2384 anus
630 2321 710 2383 enim
721 2321 783 2402 ipsa
795 2324 874 2385 iuter
885 2325 1082 2388 deversitores
1098 2325 1210 2386 diutius

144 2407 324 2489 ingurgitata
345 2426 382 2470 ue
402 2409 502 2489 ignem
524 2409 644 2488 quidem
666 2408 819 2470 admotum
843 2411 995 2473 sensisset.
1035 2420 1065 2473 et
1087 2410 1209 2472 forsitan

95 2501 127 2553 25
146 2502 410 2576 pernoctassemus
425 2495 455 2556 in
470 2495 580 2566 businc,
597 2495 628 2556 ni
642 2491 811 2556 tabellarius
832 2495 1057 2580 Trimalchionis
1078 2495 1210 2557 interve-

146 2579 432 2642 nissctllvehiculis
454 2581 545 2642 dives.
579 2597 641 2642 non
663 2579 712 2640 diu
728 2597 797 2658 ergo
817 2581 1015 2646 tumultuatus
1037 2582 1143 2644 stabuli
1165 2583 1209 2644 ia-

147 2685 241 2729 nuam
256 2666 370 2749 effregit
385 2674 414 2728 et
429 2686 485 2728 nos
500 2685 553 2747 per
569 2665 694 2728 eandem
708 2665 786 2728 intro
802 2667 921 2747 admisit

666 2771 685 2808 dl*

350 2839 445 2919 qualis
461 2859 520 2900 nox
535 2838 591 2900 fuit
606 2838 661 2912 illa,
679 2839 708 2901 di
724 2839 865 2918 deaeque,

348 2944 439 3006 quam
455 2925 552 2987 mollis
568 2933 661 2986 torus.
694 2925 844 2988 haesimus
860 2926 988 2989 calentes

349 3020 379 3072 et
394 3010 607 3074 transfudimus
622 3011 692 3073 hinc
707 3018 736 3073 et
752 3012 822 3073 hinc
836 3012 947 3074 labellis

348 3105 481 3159 errantes
494 3098 617 3159 animas.
633 3099 736 3170 valete,
753 3115 841 3159 curae

349 3185 500 3246 mortales.
533 3203 587 3262 ego
604 3182 647 3245 sic
660 3183 759 3263 perire
774 3184 867 3266 coepi.

146 3267 212 3331 sine
227 3288 316 3330 causa
338 3270 470 3348 gratulor
490 3268 572 3331 mihi.
606 3288 678 3332 nam
698 3287 765 3332 cum
787 3271 903 3331 solutus
925 3285 1007 3330 mero
1027 3266 1210 3329 remisissem

146 3355 245 3418 chrias
261 3373 377 3428 manus,
393 3353 534 3436 Ascyltos,
553 3356 650 3417 omnis
670 3356 796 3417 iniuriae
806 3354 954 3427 inventor,
975 3355 1116 3417 subduxit
1139 3352 1211 3413 mibi

96 3447 126 3500 35
145 3451 235 3504 nocte
249 3459 377 3522 puerum
394 3450 424 3502 et
438 3443 470 3503 in
485 3443 594 3504 lectum
610 3441 760 3504 transtulit
776 3459 874 3515 suum,
890 3442 1094 3520 volutatusque
1110 3438 1211 3500 liberi-

144 3547 183 3590 us
199 3532 375 3590 cumfratre
391 3544 452 3589 uon
469 3548 532 3602 suo,
553 3528 615 3589 sive
629 3545 691 3589 non
708 3527 855 3589 sentiente
878 3527 1016 3590 iniuriam
1039 3528 1101 3589 sive
1123 3525 1212 3586 dissi-

145 3617 290 3689 mulante,
317 3613 490 3676 indormivit
516 3613 620 3676 alienis
641 3613 826 3694 amplexibus
852 3613 960 3676 oblitus
982 3612 1055 3675 iuris
1077 3611 1210 3674 humani.

216 3821 400 3876 (ilibertinarii
412 3821 479 3875 code
490 3825 595 3876 coniciet
616 3821 709 3891 aliquis
721 3824 763 3891 qui
777 3823 846 3876 iuter
860 3825 906 3876 hos
919 3825 1055 3876 libertinos
1069 3819 1077 3890 ll
1093 3825 1122 3876 11
1137 3823 1212 3889 plane

143 3893 273 3958 tamquam
286 3891 391 3944 Iobatios
404 3890 413 3961 ll
428 3893 459 3947 16
475 3893 583 3944 obscura
596 3891 605 3960 ll
621 3895 651 3946 rt
669 3891 768 3959 scirpos
781 3893 791 3961 ΙΙ
804 3894 837 3944 20
854 3902 972 3961 certaque
985 3890 994 3959 Η
1008 3893 1040 3943 23
1058 3893 1154 3943 lautius
1173 3893 1214 3943 Ια-

143 3961 249 4013 moetos
262 3957 271 4028 ΙΙ
285 3961 317 4012 26
329 3963 426 4013 tentavi
435 3961 552 4014 advectis
564 3961 575 4028 ΙΙ
588 3963 619 4013 21
633 3963 709 4026 intro]
721 3969 816 4014 terram
830 3962 839 4031 ll
853 3964 884 4014 33
898 3963 1040 4015 omisissem

1001 4049 1036 4104 4,
