2864 4344
584 167 727 223 sarman
1148 173 1186 237 21

68 331 108 384 ιι
120 325 257 406 concepti
273 325 349 400 sint3
365 331 517 388 tentemus
532 333 643 400 tamen,
664 326 689 388 si
708 328 804 390 adhuc
824 325 942 389 sorbilia
960 328 1052 389 sunt’
1082 329 1191 410 accipi-

120 431 190 474 mus
205 431 262 474 nos
279 411 441 474 cochlearia
455 429 519 474 non
535 410 636 474 minus
651 413 773 476 selibras
788 412 949 492 pendentia
965 431 1079 494 ovaque
1095 434 1131 476 ex
1146 416 1191 478 la·

118 498 184 559 rina
206 497 312 578 pingui
333 497 456 576 figurata
477 497 696 577 pertundimus.
738 517 796 596 egq
818 499 937 578 quidem
960 517 1055 580 paene
1079 499 1191 580 proieci

118 591 238 664 partem
249 601 358 656 meam,
371 601 441 644 nam
453 581 608 645 videbatur
622 583 715 646 mihi
706 604 765 646 ram
778 583 809 645 in
820 584 934 664 pullum
947 584 1051 646 ιοιιιι.
1081 586 1190 649 deinde

87 677 151 732 tut
165 668 268 731 audivi
285 675 416 731 veterem
432 669 600 730 convivam:
622 669 681 731 ‘hio
695 670 795 732 nescio
819 669 976 750 quidboni
996 670 1085 732 dehet
1106 671 1178 734 esse*
1179 719 1188 752 ,

116 762 295 836 persecutus
310 760 454 834 putamen
470 773 561 816 manu
576 755 802 835 pinguissimam
818 755 993 820 ficedulam
986 757 1087 819 mveni
1102 757 1189 880 pipe-

33 859 34 904 1
116 849 181 904 rato
196 840 297 902 vitello
314 839 538 902 circumdatam.

33 919 37 938 '
202 927 263 988 iam
278 925 455 988 Trimalchio
476 925 579 988 eadem
600 927 700 990 omnia
720 929 789 990 lusu
812 925 984 989 intermisso
1008 933 1188 1008 poposcerat
1175 926 1239 990 t34

117 1017 291 1091 feceratque
306 1018 485 1091 potestatem
502 1012 674 1084 claravoce‚
697 1013 803 1094 siquis
825 1019 962 1075 nostrum
977 1013 1084 1074 iterum
1102 1015 1190 1076 vellet

74 1108 100 1158 lt
116 1099 249 1161 mulsum
266 1115 395 1170 sumere,
412 1116 479 1159 cum
496 1096 634 1159 subito
610 1117 728 1178 signum
744 1099 919 1180 symphonia
936 1099 985 1161 dat
973 1106 1023 1160 tur
1043 1107 1072 1160 et
1086 1107 1189 1179 gusta-

115 1185 191 1247 toria
206 1183 321 1264 pariter
336 1201 352 1244 a
367 1184 458 1244 choro
474 1189 612 1246 cantante
627 1185 793 1265 rapiuntur.
822 1192 954 1246 ueterum
975 1184 1087 1246 intert
1074 1186 1187 1247 t-umul

115 1279 181 1332 tum
198 1287 269 1331 curn
285 1269 362 1330 lorte
377 1257 512 1348 parapsis
528 1269 684 1331 excidisset
706 1277 735 1332 ιι
750 1289 825 1350 puer
844 1271 991 1331 iacentem
1007 1270 1187 1346 sustulisset,

116 1355 327 1417 animadvertit
341 1353 520 1416 Trimalchio
526 1353 727 1452 colaphisque
749 1355 896 1436 obiurgari
910 1373 1039 1436 puerum
1056 1375 1090 1418 ac
1104 1357 1187 1437 proi

117 1461 185 1504 core
198 1457 306 1502 rursus
322 1439 533 1520 parapsidem
524 1440 621 1500 iussit.
651 1441 805 1503 insecutus
828 1451 874 1502 est
894 1441 1060 1504 lecticarius
1081 1459 1187 1521 argen-

61 1527 106 1580 ιιι
117 1535 245 1606 tumque
253 1526 333 1587 inter
343 1525 456 1606 reliqua
464 1534 658 1605 purgamenta
665 1527 764 1607 scopis
776 1527 873 1607 coepit
882 1545 1024 1589 everrere.
1040 1525 1045 1609 Ι
1061 1528 1188 1590 subinde

114 1613 306 1674 intraverunt
322 1611 380 1672 duo
396 1611 555 1690 Aethiopes
570 1611 695 1691 capillati
716 1631 783 1674 cum
805 1611 921 1692 pusillis
936 1612 1063 1688 utribus,
1085 1616 1185 1693 quales

116 1699 215 1760 solent
232 1715 299 1758 esse
315 1696 365 1776 qui
385 1697 529 1758 harenam
554 1697 586 1757 in
608 1697 828 1776 amphitheatro
850 1707 1001 1777 spargunt,
1023 1699 1187 1780 vinumque

115 1783 228 1845 dedere
244 1783 277 1844 in
292 1799 416 1854 manus;
431 1801 538 1863 aquam
555 1783 635 1843 enim
651 1801 741 1845 nemo
757 1783 897 1863 porrexit.

68 1867 103 1919 ιιι
197 1865 201 1951 Ι
222 1868 359 1930 laudatus
372 1875 495 1948 propter
504 1867 663 1947 elegantias
676 1868 814 1930 dominus
824 1869 969 1948 ‘aequum'
984 1869 1083 1950 inquit
1098 1869 1185 1932 ‘Mars
1288 1878 1291 1888 '

73 1959 100 2010 ιι
117 1962 204 2020 amat.
240 1954 341 2034 itaque
361 1953 436 2015 iussi
449 1971 539 2014 suam
561 1953 668 2033 cuique
694 1973 829 2015 mensam
851 1954 1001 2034 assignari.
1038 1955 1134 2018 obiter
1157 1964 1186 2018 et

115 2039 300 2121 putidissimi
316 2039 392 2101 servi
407 2039 555 2101 minorem
572 2039 657 2101 nohis
673 2047 786 2102 aestum
803 2041 970 2120 frequentia
986 2057 1040 2104 sua
1055 2041 1185 2103 lacient'.

198 2125 301 2186 statim
323 2125 426 2186 allatae
448 2131 520 2186 sunt
542 2125 702 2204 amphorae
728 2126 837 2188 vitreae
859 2125 1015 2204 diligenter
1036 2135 1184 2208 gypsatae‚

116 2230 243 2292 quarum
259 2211 291 2272 in
308 2210 469 2272 cervicibus
485 2209 604 2290 pittacia
624 2217 709 2272 erant
723 2211 807 2274 allixa
822 2229 889 2272 oum
912 2211 970 2272 hoc
989 2211 1091 2273 titulo:
1119 2213 1184 2275 ‘Fa-

115 2299 232 2360 lernum
250 2295 443 2376 Opimianum
458 2314 606 2358 annorum
623 2297 763 2358 centum!
794 2296 866 2358 dum
880 2293 982 2358 titulos
994 2297 1182 2378 perlegimus

71 2382 274 2463 ιιιιιιιΙιιοιιι
288 2380 468 2443 Trimalchio
484 2389 634 2443 manuset
621 2383 774 2444 t‘eheu'
765 2382 864 2462 lnquit
886 2387 965 2460 ‘ergo
987 2383 1097 2446 diutius
1113 2383 1184 2446 vivit

80 2469 240 2548 divinum
260 2485 350 2546 quam
371 2467 541 2529 homuncio.
580 2485 672 2546 quare
693 2476 901 2547 tengomenas
910 2467 1063 2530 faciamus.
1094 2468 1154 2530 vata
1174 2466 1179 2552 Ι

67 2554 215 2617 dlvinum
233 2559 287 2614 est
319 2569 423 2614 verum
440 2553 630 2633 Opimianum
645 2560 793 2632 praesto.
810 2552 875 2614 heri
898 2571 961 2614 non
983 2561 1045 2614 tam
1065 2551 1180 2617 bonum

113 2639 208 2718 posui,
227 2645 257 2700 ιι
273 2638 367 2698 multo
382 2639 572 2700 honestiores
585 2638 749 2699 conabant)
779 2637 951 2717 potantibus
963 2656 1033 2717 orgo
1046 2637 1134 2700 nohis
1151 2647 1181 2702 et

113 2723 333 2787 accuratissime
341 2723 471 2784 lautitias
481 2722 657 2784 mirantibus
665 2725 777 2785 laruam
790 2729 959 2804 argenteam
971 2723 1068 2785 attulit
1076 2742 1180 2787 servus

72 2819 98 2870 ιι
114 2809 154 2872 ιιι
167 2817 310 2891 aptatam,
326 2816 360 2868 ut
375 2809 491 2870 articuli
506 2809 570 2871 eius
586 2810 797 2890 vertebraeque
806 2809 923 2871 luxatae
934 2809 965 2870 in
978 2828 1097 2872 omnem
1109 2829 1179 2890 par-

112 2905 169 2958 tem
189 2897 393 2956 flecterentur.
440 2895 516 2956 hanc
544 2913 611 2960 oum
633 2913 722 2974 super
742 2912 876 2956 mensam
897 2896 990 2956 semel
1011 2895 1179 2974 iterumque

112 2982 277 3054 abiecisset,
298 2987 328 3040 ιι
348 2981 492 3042 catenatio
509 2980 625 3041 mobilis
642 2980 754 3061 aliquot
774 2981 882 3058 figuras
899 2980 1088 3128 exprimeret,
1111 2981 1180 3043 Tri-

112 3067 236 3130 malchio
252 3064 373 3126 adiecit:

210 3153 299 3212 ‘eheu
315 3169 370 3212 nos
386 3150 521 3225 miseros,
538 3170 627 3231 quam
643 3157 726 3212 totus
742 3151 905 3212 homuncio
921 3150 965 3212 nil
981 3158 1033 3212 est.

72 3245 97 3295 ιι
208 3237 254 3298 ιιι
269 3236 379 3298 erimus
395 3238 504 3309 cuncti,
520 3244 679 3316 postquam
694 3255 750 3298 nos
766 3237 881 3298 auferet
896 3236 1001 3298 Orcus.

253 3339 324 3400 ergo
340 3322 481 3395 vivamus,
498 3322 569 3384 dum
585 3322 654 3384 licet
670 3341 737 3385 esse
751 3322 847 3384 hene’

191 3407 393 3469 laudationem
409 3408 555 3470 lerculum
572 3415 617 3468 est
631 3409 803 3470 insecutum
818 3409 906 3487 plane
921 3424 983 3468 non
998 3425 1053 3486 pro
1070 3425 1176 3487 expec·
1190 3408 1229 3470 35

110 3493 384 3570 tationemagnum3
399 3494 514 3556 novitas
523 3501 624 3555 tamen
637 3493 771 3556 omnium
785 3493 931 3556 convertit
942 3493 1052 3554 oculos.
1068 3500 1176 3556 rotun-

176 3724 188 3774 1
203 3737 298 3788 concep
300 3729 327 3773 tu
338 3719 360 3772 L
373 3719 382 3788 ΙΙ
395 3719 410 3770 4
423 3721 485 3772 mihi
498 3737 546 3774 om.
559 3722 584 3772 H
594 3720 603 3791 ΙΙ
619 3721 649 3773 13
667 3722 804 3787 obiurgare
817 3720 837 3772 L
850 3718 859 3789 ΙΙ
876 3720 906 3770 14
922 3719 1102 3802 insecutusque
1120 3721 1142 3774 L
1156 3719 1162 3789 l

112 3739 332 3858 supellecticarius
344 3789 431 3840 Deuca
443 3787 452 3857 ΙΙ
467 3790 497 3840 15
511 3805 617 3842 verrere
630 3789 639 3858 ΙΙ
652 3791 685 3842 20
697 3791 775 3842 iussit
788 3788 796 3857 ΙΙ
810 3791 840 3843 21
855 3788 1047 3856 pudissimiaut
1055 3789 1175 3858 pdissimi

122 3857 131 3940 ΙΙ
142 3861 173 3912 ιθ
183 3867 353 3924 tangomenas
368 3857 372 3922 Ι
387 3859 475 3910 vinum
487 3860 543 3910 vita
553 3859 658 3912 Goeeioa
671 3855 679 3926 ΙΙ
694 3859 726 3910 ι8
736 3859 809 3910 nobis
817 3863 873 3926 post
883 3858 1078 3911 accuratissime
1091 3861 1174 3925 (cura-

112 3928 207 3980 tissime
220 3928 254 3992 ΗΙ
267 3925 440 3980 collocutum'
429 3943 456 3978 ιιι
468 3925 539 3980 lidrie
550 3925 560 3996 ΙΙ
574 3929 606 3978 32
618 3937 647 3980 ut
658 3929 767 3981 Iahnius
780 3926 789 3996 ΙΙ
803 3929 833 3978 at
847 3927 989 4029 insecutum
1001 3935 1041 3979 est
1055 3928 1074 3980 L
