2838 4348
462 129 776 184 APOCOLOCYNTOSIS
1090 137 1149 198 221

152 281 154 289 ’
230 287 344 348 detinet
360 287 487 349 intentas
504 295 593 349 cantu
608 287 741 367 fallitque
756 287 896 348 laborem.

229 373 361 452 dumque
377 373 467 434 nimis
483 374 623 435 citharam
644 374 834 451 fraternaque
854 372 984 435 carmina
999 374 1130 446 laudant,

229 458 295 538 plus
311 457 399 519 solito
415 475 522 520 nevere
538 476 643 519 manus
659 459 847 538 humanaque
862 458 922 519 fata

229 543 383 605 laudatum
399 545 584 605 transcendit
598 563 682 622 opus.
707 551 756 604 ‘ne
772 544 892 617 demite,
908 542 1025 605 Parcae'

232 628 368 690 Phoebus
384 629 425 690 ait
441 629 549 691 ‘vincat
564 629 697 690 mortalis
713 637 847 708 tempora
864 629 940 690 vitae

225 708 278 775 'ille
295 713 369 775 mibi
384 714 488 775 similis
505 715 585 776 vultu
601 714 767 794 similisque
783 715 888 776 decore

229 817 285 860 nec
300 807 390 860 cantu
407 819 462 861 nec
478 819 548 861 voce
564 801 671 861 minor.
694 800 787 861 felicia
803 800 888 860 lassis

228 885 344 946 saecula
361 885 520 964 praestabit
535 887 694 964 legumque
709 884 826 946 silentia
842 891 970 964 rumpet.

229 970 324 1049 qualis
337 969 499 1032 discutiens
514 971 656 1050 fugientia
672 971 789 1032 Lucifer
804 978 882 1032 astra

228 1064 280 1116 aut
294 1056 389 1136 qualis
406 1057 500 1136 surgit
520 1056 715 1118 redeuntibus
731 1056 882 1136 Hesperus
899 1056 994 1128 astris,

231 1141 324 1219 qualis
340 1142 554 1220 cumprimum
570 1142 701 1203 tenebris
716 1142 830 1202 Aurora
847 1141 951 1202 solutis

229 1225 346 1287 induxit
361 1226 524 1288 rubicunda
540 1227 628 1297 diem,
650 1227 700 1287 Sol
715 1227 819 1306 aspicit
835 1227 938 1288 orbem

228 1310 344 1372 lucidus
359 1319 388 1372 et
403 1312 517 1392 primos
532 1333 548 1374 a
564 1331 681 1374 earcere
697 1312 824 1374 concitat
839 1331 923 1373 axes:

228 1397 295 1457 tofis
312 1397 418 1459 Caesar
433 1398 526 1468 adest,
537 1393 631 1459 'talem
647 1398 706 1458 iam
722 1399 816 1473 Roma
833 1398 983 1460 Neronem

30 1491 60 1540 15
230 1482 359 1569 aspiciet.
383 1484 484 1562 tlagrat
500 1484 612 1544 nitidus
628 1482 743 1562 fulgore
758 1484 886 1546 remisso

232 1568 331 1629 vultus
347 1576 375 1630 et
392 1569 498 1630 adfuso
514 1569 611 1630 cervix
626 1570 757 1630 formosa
774 1567 895 1648 capillo'

82 1654 159 1714 baec
174 1652 289 1732 Apollo.
312 1660 341 1714 at
356 1654 504 1727 Lachesis,
526 1671 600 1735 quae
620 1663 650 1716 et
668 1655 731 1734 ipsa
747 1655 860 1715 homini
876 1652 1092 1714 formosissimo
1108 1651 1152 1711 la-

83 1747 179 1811 reret,
194 1739 266 1799 fecit
282 1739 369 1815 [illud]
386 1740 471 1818 plena
493 1758 593 1810 mann,
618 1749 647 1802 et
668 1740 780 1801 Neroni
799 1740 909 1801 multos
930 1755 1023 1799 annos
1045 1738 1080 1798 de
1097 1754 1153 1798 sue

84 1825 187 1886 donat.
210 1823 363 1887 Claudium
379 1832 478 1887 autem
494 1826 598 1886 iubent
614 1843 718 1887 omnes

30 1913 65 1964 20
229 1905 410 1992 χαίροντας,
427 1906 652 1996 εὐφημοῦντας
667 1904 847 1990 ἐκπέμπειν
864 1901 982 1988 δόμων.

84 2001 113 2054 et
129 1994 179 2054 ille
193 1996 314 2076 quidem
331 1997 459 2058 animam
476 1997 598 2071 ebulliit,
615 2005 644 2059 et
659 2015 693 2058 ex
710 2016 745 2056 eo
761 1996 848 2058 desiit
863 1995 959 2056 vivere
975 1995 1077 2056 videri.
1100 2013 1153 2054 er·

83 2080 192 2158 piravit
208 2087 306 2142 autem
322 2083 392 2142 dum
415 2083 575 2143 comoedos
592 2082 682 2154 audit,
711 2091 744 2142 ut
764 2082 837 2143 scias
853 2099 900 2142 me
916 2085 979 2142 non
991 2081 1054 2141 sine
1066 2099 1154 2142 causa

83 2166 151 2225 illos
167 2166 284 2227 timere.
307 2167 410 2228 ultima
427 2185 481 2228 vox
498 2169 562 2228 eins
574 2169 648 2230 haec
659 2170 737 2230 inter
748 2168 887 2228 homines
899 2167 998 2228 audita
1013 2176 1068 2238 est,
1085 2183 1153 2227 eum

84 2251 229 2312 maiorem
244 2253 377 2314 sonitum
394 2254 542 2314 emisisset
559 2255 605 2314 illa
621 2263 716 2334 parte,
743 2273 801 2332 qua
822 2253 937 2315 facilins
959 2253 1152 2332 loquebatur:

28 2354 64 2404 25
84 2345 148 2396 ‘vae
165 2356 222 2410 me,
247 2347 328 2417 puto,
350 2340 503 2400 concacavi
526 2342 593 2399 me'.
618 2341 697 2419 quod
720 2339 892 2408 adfecerit,
914 2338 1029 2398 nescio:
1053 2336 1153 2398 omnia

83 2428 166 2482 certe
182 2425 355 2486 concacavit.
980 2489 983 2498 ,

170 2527 244 2587 quae
267 2510 298 2569 in
324 2510 411 2570 terris
437 2518 538 2589 postea
560 2510 619 2570 sint
641 2517 713 2582 acta,
736 2527 953 2589 supervacuum
970 2515 1014 2567 est
1029 2505 1151 2567 referre.
1175 2513 1193 2571 5

82 2592 166 2654 scitis
188 2595 269 2655 enim
291 2595 412 2675 optime,
439 2613 495 2657 nec
516 2593 681 2675 periculum
702 2605 747 2657 est
772 2614 811 2656 ne
834 2595 970 2656 excidant
992 2590 1153 2654 memoriae

83 2697 159 2758 qnae
175 2680 314 2758 gaudium
330 2679 482 2760 publicum
498 2681 697 2760 impresserit:
718 2699 808 2744 nemo
828 2679 975 2741 felicitatis
991 2697 1062 2740 suae
1078 2678 1151 2739 obli-

27 2777 62 2828 30
82 2763 213 2826 viscitur.
241 2766 273 2826 in
290 2767 369 2827 caelo
386 2785 463 2848 qnae
484 2775 548 2828 acta
564 2767 633 2838 sint,
662 2768 776 2828 audite:
804 2767 877 2828 tides
892 2782 984 2846 penes
1000 2771 1153 2825 auctorem

84 2850 151 2910 erit.
175 2851 330 2913 nuntiatur
344 2853 405 2914 lori
432 2852 548 2914 venisse
571 2854 720 2932 quendam
736 2853 830 2914 bonae
847 2860 983 2922 staturae,
1005 2850 1082 2911 bene
1104 2868 1152 2911 ca-

83 2953 173 3010 num3
190 2937 290 2998 nescio
307 2937 378 3017 quid
393 2937 477 2999 illum
491 2939 609 3011 minari,
626 2939 742 3000 assidue
755 2938 836 3000 enim
848 2947 937 3017 caput
948 2953 1083 3008 movere3
1099 2954 1153 3015 pe-

83 3021 152 3082 dem
166 3021 303 3085 dextrum
315 3024 440 3085 trahere.
457 3023 607 3103 quaesisse
620 3043 662 3098 se,
678 3025 762 3086 cuius
775 3023 902 3084 nationis
915 3030 1006 3084 esset:
1024 3040 1153 3101 respon—

82 3107 163 3168 disse
179 3108 278 3170 nes'cio
295 3109 365 3188 quid
381 3109 554 3187 perturbato
570 3127 645 3170 sono
662 3117 691 3169 et
706 3127 778 3189 uoce
794 3113 931 3181 conlnsa3
953 3125 1015 3169 non
1035 3107 1152 3168 intelle·

25 3207 58 3259 35
78 3211 150 3271 gere
166 3212 197 3254 se
211 3193 344 3272 linguam
360 3193 433 3264 eius,
449 3213 505 3255 nec
520 3195 663 3256 Graecum
681 3213 744 3255 esse
759 3211 816 3254 nec
829 3194 999 3254 Romanum
1014 3211 1070 3253 nec
1084 3194 1152 3255 ulli-

83 3297 119 3339 us
135 3278 232 3356 gentis
248 3286 345 3341 notae.
368 3287 432 3340 tum
449 3279 580 3359 luppiter
595 3279 764 3351 Herculem,
786 3279 836 3358 qui
858 3286 955 3340 totum
971 3278 1074 3339 orbem
1089 3286 1152 3339 ter-

81 3381 185 3425 rarum
202 3373 404 3444 pererraverat
419 3373 448 3426 et
460 3382 551 3426 nesse
562 3365 718 3427 videbatur
729 3381 834 3425 omnes
847 3364 996 3436 nationes,
1011 3362 1095 3425 iubet
1110 3365 1153 3425 ire

82 3457 116 3536 et
120 3449 281 3530 explorare,
299 3451 592 3530 quorumbominnm
606 3459 693 3513 esset.
717 3457 781 3510 tum
790 3449 930 3510 Hercules
943 3449 1152 3529 primoaspec·

82 3543 116 3596 tu
132 3554 205 3598 sane
220 3537 413 3615 perturbatus
430 3545 483 3609 est,
500 3537 599 3617 utqui
615 3537 704 3598 etiam
721 3555 782 3598 non
798 3535 897 3596 omnia
913 3543 1047 3596 monstra
1060 3535 1151 3596 timu-

10 3631 58 3682 ,40
79 3620 146 3682 erit.
171 3628 204 3681 nt
225 3621 296 3683 vidit
317 3622 386 3682 novi
400 3623 518 3702 generis
539 3623 654 3693 taciem,
680 3621 834 3683 insolitum
857 3621 1022 3692 incessum,
1049 3639 1152 3684 vocem

81 3707 195 3768 nullius
211 3706 363 3768 terrestris
380 3708 515 3769 animalis
530 3709 581 3769 sed
604 3708 698 3788 qualis
718 3727 783 3769 esse
807 3706 929 3767 marinis
949 3705 1045 3767 beluis
1067 3708 1151 3778 solet,

151 3896 184 3948 28
198 3911 262 3963 qnae
274 3896 409 3948 memoriae
419 3896 536 3961 gandium
