2864 4344
239 105 276 166 10
684 101 837 156 ruruouu

235 260 272 320 sit
287 277 320 322 ac
339 259 506 338 diligentius
529 259 713 320 considerare
736 259 858 338 pallium
877 261 982 340 coepit.
1012 260 1139 322 invicem
1160 262 1294 341 Ascyltos
1315 271 1337 322 L
1419 297 1420 300 =

233 344 334 408 iniecit
348 345 627 424 contemplationem
642 363 732 424 super
747 362 866 406 umeros
882 346 982 408 rustici
996 347 1137 426 emptoris
1149 348 1294 412 aceubitu

234 431 418 504 exammatus
434 429 584 492 conticuit.
615 449 649 492 ac
663 448 701 492 ne
716 431 781 510 ipse
797 431 916 511 quidem
939 431 1004 493 sine
1018 432 1115 514 aliquo
1136 443 1220 496 motu
1235 435 1294 496 ho-

233 517 345 578 minem
361 516 509 595 conspexi,
531 534 599 578 nam
614 517 768 578 videbatur
782 517 830 578 ille
849 517 1015 590 mihi'esse‚
1037 519 1089 598 qui
1109 519 1239 582 tunicum
1260 521 1294 582 in

232 601 559 665 solitudineinvenerat.
581 601 669 682 plane
684 603 708 663 is
723 603 787 682 ipse
802 612 872 665 erat.
896 603 1023 665 sedcum
1031 604 1162 685 Ascyltos
1173 605 1294 670 timeret
1314 621 1329 670 5

232 689 321 749 fidem
336 689 497 760 oculorum,
511 705 553 749 ne
568 687 639 768 quid
654 695 767 750 temere
781 692 899 761 laceret,
920 689 1001 769 prius
1017 699 1158 771 tauquam
1174 701 1294 772 emptor

231 772 353 854 propius
368 773 490 836 accessit
504 772 688 854 detraxitque
710 773 822 836 umeris
836 775 973 836 laciniam
988 783 1018 836 et
1040 775 1206 854 diligentius
1223 787 1293 839 ten·
1401 845 1410 867 x

183 855 220 918 13
230 859 310 920 tavit.
340 881 357 921 o
373 860 471 922 lusum
485 859 623 920 fortunae
639 858 812 921 mirabilem.
843 879 911 922 nam
928 861 1023 924 adhuc
1034 871 1154 924 suturae
1169 862 1292 943 quidem

231 963 292 1006 non
315 946 452 1007 attulerat
472 944 600 1006 rusticus
621 945 751 1006 curiosas
773 964 889 1019 manus,
917 945 968 1008 sed
997 956 1138 1026 tanquam
1162 950 1293 1012 mendici

230 1030 359 1111 spolium
372 1031 461 1092 etiam
476 1029 627 1091 fastidiose
642 1031 818 1093 venditabat.
850 1031 980 1111 Ascyltos
994 1039 1153 1113 postquam
1168 1033 1291 1114 deposi-
1314 1051 1346 1103 ιι)

230 1123 295 1178 tum
318 1135 382 1178 esse
399 1115 572 1178 inviolatum
592 1116 664 1178 vidit
678 1125 707 1177 et
723 1135 880 1196 personam
896 1117 1051 1180 vendentis
1080 1126 1290 1198 contemptam,

229 1202 343 1264 seduxit
357 1221 406 1264 me
421 1202 573 1281 paululum
588 1221 605 1262 a
619 1202 705 1264 turha
722 1210 752 1263 et
772 1203 848 1264 ‘scis’
871 1202 968 1283 iuquit
983 1204 1092 1278 trater,
1114 1204 1237 1267 rediisse
1253 1208 1291 1268 ad

229 1307 284 1350 nos
300 1288 482 1360 thesaurum,
505 1287 542 1348 de
563 1306 623 1367 quo
642 1286 812 1368 querebar?
841 1289 888 1350 illa
910 1295 954 1350 est
977 1289 1107 1372 tunicula
1129 1289 1235 1364 adhuc,
1256 1300 1291 1358 ut

229 1380 358 1454 apparet,
380 1373 497 1434 intactis
513 1373 609 1435 aureis
628 1374 724 1452 plena.
754 1374 824 1453 quid
844 1393 914 1453 ergo
930 1375 1061 1448 lecimus,
1085 1383 1135 1436 aut
1150 1394 1209 1455 quo
1224 1377 1290 1440 iure

229 1479 292 1521 rem
307 1468 436 1521 nostram
453 1455 668 1522 vindicamus?
1070 1471 1073 1476 ·
1311 1480 1345 1531 15
1415 1471 1417 1515 ι

314 1543 489 1607 exhilaratus
513 1563 565 1624 ego
588 1561 649 1606 non
668 1551 786 1606 tautum
809 1545 877 1624 quia
898 1545 1037 1624 praedam
1059 1546 1209 1620 videbam,
1235 1550 1289 1610 sed

220 1630 316 1694 ‘etiam
328 1631 408 1710 quod
419 1630 539 1692 fortuna
551 1649 626 1692 mea
642 1630 811 1710 turpissima
827 1631 992 1709 suspicione
1008 1630 1167 1704 dimiserat,
1184 1634 1289 1712 negavi

228 1715 352 1779 circuitu
367 1717 523 1794 agendum,
538 1716 591 1778 sed
606 1717 694 1796 plane
706 1715 770 1778 iure
782 1715 857 1778 civili
869 1715 1078 1789 dimicandum,
1095 1725 1127 1780 ut
1138 1717 1162 1779 si
1174 1719 1290 1780 nollent

228 1802 354 1864 alienam
370 1821 435 1864 rem
452 1801 575 1864 domiuo
591 1802 724 1875 reddere,
741 1802 777 1864 ad
793 1801 985 1866 interdictum
993 1802 1145 1864 venirent.

178 1880 216 1940 14
312 1896 415 1948 contra
429 1887 560 1968 Ascyltos
575 1888 655 1966 leges
670 1887 793 1949 timebat
810 1897 839 1950 et
855 1886 938 1966 ‘quis'
958 1887 1054 1950 aiebat
1074 1889 1217 1950 ‘hocloco
1232 1905 1289 1951 nos
1308 1904 1343 1956 20

221 1972 318 2045 novit,
344 1980 395 2034 aut
421 1973 488 2053 quis
511 1971 628 2034 habebit
651 1972 816 2035 dicentibus
842 1969 953 2034 fidem?
981 1972 1054 2034 mihi
1080 1975 1167 2054 plane
1193 1975 1291 2054 placet

228 2077 336 2129 emere,
351 2058 484 2138 quamvis
499 2067 634 2120 nostrum
650 2058 697 2130 sit,
713 2059 793 2137 quod
808 2057 1004 2137 agnoscimus,
1020 2068 1049 2120 et
1060 2079 1149 2139 parvo
1161 2079 1227 2123 aere
1239 2081 1289 2122 re-

227 2161 369 2224 cuperare
377 2143 475 2223 potius
482 2143 666 2217 thesaurum,
680 2162 769 2222 quam
786 2145 817 2206 in
825 2142 1081 2222 ambiguamlitem
1091 2146 1287 2210 descendere:
1313 2156 1323 2173 ¹

362 2225 368 2310 1
390 2229 460 2308 quid
474 2229 583 2292 faciant
596 2229 684 2307 leges,
699 2227 751 2292 ubi
765 2230 826 2292 sola
841 2229 965 2308 pecunia
980 2240 1092 2309 regnat,
1303 2231 1350 2286 LO

411 2323 461 2376 aut
476 2315 526 2377 ubi
541 2324 699 2395 paupertas
714 2313 832 2378 vincere
848 2313 927 2376 nulla
942 2313 1066 2394 potest?
1307 2328 1342 2377 25

368 2400 425 2480 ipsi
440 2401 491 2480 qui
507 2400 611 2480 Cynica
626 2401 788 2462 traducunt
802 2411 935 2481 tempora
950 2420 1031 2480 pera,

412 2504 472 2548 non
494 2504 647 2566 nunquam
670 2487 804 2548 nummis
817 2487 945 2548 vendere
960 2505 1028 2548 vera
1044 2488 1148 2548 solent.

369 2591 438 2652 ergo
453 2572 595 2634 iudicium
611 2571 685 2634 nihil
700 2581 747 2634 est
762 2573 821 2636 nisi
835 2572 955 2654 publica
966 2591 1089 2645 merces,

411 2666 501 2737 atque
516 2677 608 2738 eques
623 2658 655 2722 in
671 2677 758 2720 causa
773 2659 823 2739 qui
839 2660 1049 2737 sedet„·empta
1063 2656 1184 2737 prohat’
1303 2713 1305 2716 .

306 2740 310 2823 1
331 2744 383 2805 sed
403 2750 521 2824 praeter
542 2761 635 2804 unum
656 2744 839 2823 dipondium,
867 2763 926 2824 quo
941 2743 1017 2804 cicer
1037 2743 1214 2824 lupinosque
1234 2744 1287 2806 de·
1300 2756 1359 2808 301,

224 2828 439 2891 stinaveramus
455 2827 587 2900 mercari,
609 2827 682 2891 nihil
696 2829 733 2890 ad
748 2847 871 2890 manum
892 2836 964 2890 erat.
987 2828 1087 2909 itaque
1107 2845 1145 2890 ne
1164 2829 1287 2890 interim

224 2914 332 2993 praeda
348 2914 524 2986 discederet,
540 2912 585 2974 vel
601 2913 724 2974 minoris
740 2914 859 2993 pallium
876 2914 1012 2975 addicere
1024 2915 1134 2994 placuit
1145 2921 1175 2976 et
1189 2915 1284 2994 preti·

225 3017 276 3060 um
292 2998 411 3060 maioris
427 2999 594 3078 compendii
609 2998 751 3060 leviorem
766 3001 862 3061 lacere
878 3000 1029 3061 iacturam.
1071 3000 1286 3081 cumprimum

196 3077 200 3090 '
225 3103 293 3162 ergo
309 3084 502 3164 explicuimus
520 3102 660 3157 mercem,
677 3084 782 3146 mulier
797 3092 902 3165 operto
917 3085 1026 3165 capite,
1048 3105 1124 3166 quae
1145 3104 1211 3147 cum
1233 3105 1285 3148 ru-

225 3170 298 3232 stico
307 3178 439 3243 steterat,
451 3169 592 3250 inspectis
605 3168 772 3248 diligentius
780 3171 874 3250 signis
882 3170 983 3232 iniecit
994 3178 1151 3251 utramque
1162 3171 1285 3234 laciniae
1304 3186 1338 3236 35
1419 3213 1420 3250 ,

224 3274 347 3319 manum
373 3275 540 3336 magnaque
565 3255 774 3318 vociferatione
802 3255 949 3319 ‘latrones'
980 3253 1110 3338 [tenere]
1139 3257 1283 3320 clamavit.

224 3350 327 3406 contra
342 3357 396 3404 nos
410 3341 583 3423 perturbati,
599 3359 639 3403 ne
653 3341 820 3404 videremur
836 3341 908 3404 nihil
923 3359 1019 3420 agere,
1043 3350 1074 3403 et
1092 3342 1147 3422 ipsi
1163 3341 1284 3408 scissam

61 2107 65 2116 “
120 2109 132 2144 U

291 3533 379 3584 210000
389 3533 459 3584 necle
469 3536 604 3584 contractu.
628 3534 744 3584 Petronii
758 3535 844 3600 opinor
855 3533 940 3598 sutem
951 3533 1053 3584 mulceo
1072 3533 1284 3600 contomplatione

222 3601 332 3654 iniectae
343 3617 419 3670 super
430 3617 530 3653 umeros
542 3603 635 3654 rustici
647 3599 657 3669 11
671 3602 685 3651 ’1
697 3599 801 3670 10001011
815 3603 830 3653 8
842 3602 923 3652 adhuc
935 3617 981 3652 uec
990 3599 1090 3652 futurae
1097 3603 1153 3663 (oct
1160 3600 1283 3668 lurtivac)

224 3671 321 3738 quidem
334 3671 459 3722 attulerat
471 3668 479 3738 11
495 3672 524 3724 18
538 3671 620 3722 nollet
632 3668 640 3738 11
657 3671 685 3722 19
699 3671 800 3721 veniret
812 3667 821 3738 11
836 3671 868 3722 24
879 3671 924 3720 ltoc
935 3685 1038 3720 carmon
1049 3669 1110 3722 libri
1118 3669 1194 3738 paulo
1206 3687 1283 3738 rupo·

223 3743 279 3792 rius
304 3739 458 3791 collocarunt
476 3743 536 3820 post
559 3740 661 3790 veniret
680 3736 778 3805 19120
801 3735 883 3805 000011
903 3737 934 3788 27
953 3739 1032 3789 verbu
1054 3740 1139 3790 solent
1161 3740 1284 3792 emeret)

236 3807 245 3876 1
259 3809 291 3861 30
304 3808 448 3876 dipondium
460 3808 525 3864 sicel
536 3807 687 3875 lupinosque
705 3808 795 3874 quihus
814 3807 1035 3858 destinaveramus
1048 3803 1101 3872 1131
1120 3807 1206 3874 itaque
1224 3807 1286 3860 libre·

222 3881 282 3947 post
294 3876 438 3928 discederet
450 3876 601 3929 collocarunt
614 3874 623 3944 11
636 3877 669 3927 32
682 3879 715 3940 ct]
729 3883 757 3928 ut
770 3874 779 3943 11
793 3874 824 3928 33
838 3872 957 3941 lacerati!
970 3875 1003 3926 34
1014 3881 1102 3940 aperto
