2864 4344
233 132 274 196 18
609 153 612 158 ·
688 129 848 186 PETRONH

178 292 219 356 28
317 290 440 369 longum
456 294 520 350 erat
534 287 649 366 singula
664 288 809 366 excipere.
841 289 942 367 itaque
956 285 1131 349 intravimus
1146 287 1299 360 balneum,
1315 304 1358 357 rat

231 385 261 435 et
275 375 385 436 sudore
401 375 512 436 calfacti
533 381 688 434 momento
708 375 851 452 temporis
874 367 1061 450 ad'frigidam
1084 374 1209 435 erimus.
1240 375 1299 436 iam

231 460 411 521 Trimalchio
426 467 580 538 unguento
595 461 738 537 perfusus
755 460 932 538 tergebatur,
953 473 1016 519 non
1031 457 1140 531 linteis,
1162 460 1215 520 sed
1237 461 1300 539 pal-

230 545 279 606 bis
294 565 331 606 ex
345 546 411 606 lana
426 545 597 606 mollissima
609 545 703 606 factis.
724 553 786 605 tres
798 544 918 606 interim
930 543 1095 623 iatraliptae
1108 544 1140 604 in
1151 563 1301 625 conspec-

230 640 266 692 tu
280 631 345 692 eius
360 630 520 692 Falernum
535 629 688 710 potabant,
707 631 712 710 1
732 638 846 690 etcum
861 629 1022 708 plurimum
1045 629 1179 691 rixantes
1199 631 1300 691 effun-
1319 643 1362 694 511

232 716 346 788 derent,
358 715 536 778 Trimalchio
545 717 602 776 hoc
614 733 703 776 suum
714 716 889 793 propinasse
901 713 1024 776 dicebat.
1043 712 1047 794 l
1068 714 1139 776 binc
1146 716 1300 777 involutus
1311 728 1354 779 HL
1409 732 1411 745 ²

155 820 161 830 ·
232 802 352 862 coccina
367 819 496 881 gausapa
511 801 632 862 lecticae
642 800 803 879 impositus
819 808 864 861 est
878 799 1126 880 praecedentibus
1142 801 1302 881 phaleratis

231 886 402 947 cursoribus
418 894 558 965 quattuor
574 893 605 946 et
619 885 808 956 chiramario,
824 885 927 965 inquo
940 885 1061 946 deliciae
1073 886 1301 947 cinsvebeban-

224 983 291 1044 tur,
307 990 384 1052 puer
399 973 527 1042 vetulus,
542 970 650 1050 lippus,
666 971 787 1032 domino
803 969 1020 1032 Trimalchione
1036 969 1207 1032 deformior.
1233 991 1301 1032 cnm

233 1075 302 1137 ergo
318 1057 496 1127 auferretur,
513 1056 550 1116 ad
565 1065 653 1135 eaput
668 1056 732 1118 eius
743 1056 971 1134 symphoniacus
986 1073 1054 1118 cum
1071 1055 1205 1118 minimis
1221 1058 1302 1118 tibiis
1323 1067 1352 1115 tu
1409 1099 1410 1108 ,

232 1143 354 1204 accessit
369 1152 399 1202 et
414 1149 557 1221 tanquam
573 1141 605 1201 in
617 1159 718 1202 aurem
731 1141 840 1221 aliquid
854 1148 969 1202 secreto
982 1141 1182 1211 diceret,·toto
1195 1142 1303 1203 itinere

232 1227 369 1289 cantavit.
1162 1239 1171 1258 ·

318 1311 473 1392 sequimur
486 1330 541 1372 nos
557 1310 752 1372 admiratione
767 1311 826 1372 iam
844 1312 938 1372 saturi
953 1318 981 1370 et
998 1329 1064 1372 cum
1078 1313 1303 1389 Agamemnone
1408 1355 1409 1388 ,

232 1398 268 1458 ad
282 1397 401 1458 ianuam
409 1398 608 1476 pervenimus,
627 1394 631 1477 1
652 1397 683 1458 in
699 1397 783 1458 cuius
798 1407 884 1476 poste
898 1396 1013 1458 libellus
1025 1404 1090 1459 erat
1100 1416 1169 1458 cum
1186 1398 1304 1459 bacin·
1323 1405 1347 1454 H
1406 1403 1409 1469 ‚¹

231 1481 393 1562 scriptione
409 1483 499 1543 fixus:
516 1482 662 1562 ‘quisquis
676 1500 779 1544 servus
795 1483 860 1542 sine
873 1475 1023 1543 dominico
1035 1482 1116 1544 iussu
1129 1483 1209 1543 foras
1221 1483 1304 1544 eric·
1324 1493 1354 1541 15

231 1568 280 1640 rit,
297 1568 419 1646 accipiet
431 1568 529 1646 plagas
541 1567 683 1630 centum!
704 1570 708 1647 Ι
728 1569 758 1628 in
771 1568 852 1628 aditu
864 1574 964 1628 autem
977 1567 1041 1646 ipso
1051 1568 1147 1629 stabat
1160 1568 1301 1630 ostiarius
1314 1575 1355 1626 lit
1412 1571 1413 1612 ἶ

232 1653 411 1732 prasinatns,
427 1653 561 1714 cerasino
577 1652 746 1714 succinctus
761 1653 890 1731 cingulo,
912 1662 1001 1733 atque
1015 1653 1047 1713 in
1063 1654 1147 1714 lance
1163 1662 1304 1732 argentea
1405 1679 1409 1689 ·

232 1739 333 1817 pisum
349 1739 501 1816 purgabat.
533 1756 622 1817 super
637 1738 730 1800 limen
746 1746 846 1799 autem
869 1757 956 1800 cavea
978 1737 1126 1816 pendebat
1148 1757 1248 1807 aurea,
1270 1740 1304 1800 in
1412 1740 1413 1790 ἒ

180 1830 221 1891 29
234 1843 292 1902 qua
307 1823 372 1902 pica
387 1824 466 1884 varia
481 1824 628 1885 intrantes
643 1824 797 1885 salutabat.
828 1832 961 1884 ceterum
975 1840 1029 1901 ego
1042 1825 1112 1883 dum
1125 1824 1225 1885 omnia
1238 1833 1305 1886 stu-

233 1927 301 1988 peo,
317 1927 413 1987 paene
427 1908 617 1986 resupinatus
633 1925 719 1968 crura
736 1926 801 1970 mea
816 1909 900 1988 fregi.
938 1909 974 1986 ad
989 1908 1140 1970 sinistram
1158 1909 1239 1970 enim
1255 1909 1305 1970 in·
1323 1923 1356 1972 ‘20
1408 1925 1409 1936 ³

233 1992 380 2076 trantibus
396 2009 457 2053 non
468 1993 556 2070 longe
568 1993 604 2054 ab
616 1993 728 2053 ostiarii
744 1995 816 2054 cella
836 1995 917 2054 canis
929 1994 1046 2072 ingens,
1062 2002 1164 2056 catena
1177 1995 1304 2066 vinctus,

233 2080 265 2139 in
281 2077 392 2156 pariete
418 2079 592 2156 eratpietus
608 2095 758 2156 superque
780 2079 920 2158 quadrata
944 2080 1028 2140 litera
1054 2081 1198 2158 scriptum
1224 2088 1304 2142 ‘cave
1408 2093 1409 2148 l

233 2162 357 2224 ranem’.
388 2171 418 2222 et
439 2163 565 2240 collegae
586 2164 703 2243 quidem
728 2164 787 2224 mei
808 2164 957 2237 riserunt,
985 2183 1039 2242 ego
1061 2173 1159 2226 autem
1181 2166 1304 2234 collecto

233 2249 340 2327 spiritu
357 2266 417 2308 non
434 2248 536 2308 destiti
550 2257 647 2309 totum
664 2249 807 2326 parietem
822 2250 969 2328 persequi.
1000 2257 1064 2311 erat
1076 2259 1176 2312 autem
1193 2251 1304 2312 venali-

234 2335 313 2397 cium
329 2352 394 2394 cum
408 2333 502 2394 titulis
517 2334 640 2411 pictum,
656 2341 686 2394 et
701 2333 765 2412 ipse
780 2335 959 2396 Trimalchio
975 2335 1125 2414 capillatus
1141 2336 1303 2396 caduceum
1322 2353 1355 2402 25

233 2418 355 2480 tenebat
370 2419 559 2496 Minervaque
570 2418 697 2481 ducente
708 2419 834 2480 Romam
850 2419 1002 2491 intrabat.¹
1019 2421 1089 2482 binc
1106 2422 1304 2500 quemadmo-
1412 2475 1413 2480 ,

233 2504 304 2568 dum
330 2501 499 2565 ratiocinari
523 2503 689 2594 didicisset,
723 2504 853 2585 denique
881 2507 1070 2584 dispensator
1098 2509 1193 2567 factus
1214 2515 1303 2578 esset,

234 2589 334 2650 omnia
350 2589 506 2667 diligenter
521 2589 657 2651 curiosus
673 2590 847 2668 pictoreum
861 2591 1057 2670 inscriptione
1072 2591 1249 2654 reddiderat.
1273 2593 1302 2653 in

234 2674 388 2738 deficiente
406 2691 474 2734 vero
488 2674 549 2734 iam
564 2675 680 2753 porticu
692 2675 820 2736 levatum
841 2683 943 2738 mento
959 2675 991 2736 in
1004 2676 1136 2738 tribunal
1150 2678 1301 2738 excelsum

235 2759 399 2822 Mercurius
413 2759 555 2837 rapiebat.
584 2767 703 2838 praesto
719 2768 783 2821 erat
798 2761 930 2824 fortuna
945 2779 1038 2822 cornu
1062 2761 1226 2822 abundanti
1249 2763 1303 2824 co‘-
1321 2777 1354 2825 30
1408 2753 1409 2760 ἵ

235 2843 318 2923 piosa
342 2853 371 2906 et
393 2853 454 2905 tres
471 2844 579 2904 Parcae
596 2861 684 2906 aurea
705 2863 798 2924 pensa
820 2854 1003 2926 torquentes.
1034 2848 1134 2907 notavi
1161 2847 1251 2908 etiam
1271 2849 1303 2909 in
1408 2847 1409 2858 ¹

235 2929 351 3008 porticu
367 2945 486 3006 gregem
502 2948 658 2992 cursorum
682 2950 748 2991 cum
771 2931 911 3010 magistro
936 2950 967 2992 se
988 2939 1184 2994 exercentem.
1215 2951 1304 3011 prae-

191 3036 196 3042 ’
235 3023 318 3074 terea
334 3015 445 3090 grande
462 3015 623 3077 armarium
643 3015 675 3076 in
691 3017 798 3096 angulo
813 3017 883 3092 vidi,
906 3017 938 3078 in
959 3017 1042 3082 cuius
1063 3017 1194 3080 aedicula
1217 3026 1303 3079 erant

234 3098 326 3167 Lares
342 3099 473 3176 argentei
494 3100 583 3178 positi
598 3101 781 3183 Venerisque
802 3101 921 3180 signam
942 3120 1142 3164 marmoreum
1170 3111 1199 3165 et
1219 3105 1302 3183 pyris

222 3201 321 3245 aurea
334 3201 396 3246 non
408 3185 523 3264 pusilla,
544 3186 575 3248 in
588 3205 646 3266 qua
658 3186 780 3249 barbam
792 3187 886 3266 ipsius
906 3188 1054 3258 conditam
1074 3207 1139 3250 esse
1151 3189 1301 3250 dicebant.
1321 3208 1352 3256 35

320 3354 505 3434 interrogare
518 3376 588 3435 ergo
604 3357 762 3420 atriensem
772 3358 865 3437 coepi,
881 3359 994 3437 quasin
1005 3357 1303 3438 mediopicturasha-
1412 3387 1413 3426 3

233 3529 446 3542 ψ

303 3605 318 3652 5
336 3602 457 3652 bibebant
475 3597 545 3667 Llld
563 3597 710 3654 ferebantur
727 3597 768 3668 ΕΙΙ
785 3603 815 3654 10
832 3619 887 3654 cnm
905 3599 1014 3656 minimis
1031 3603 1226 3672 symphoniacus
1239 3601 1249 3672 d
1272 3606 1301 3658 16

234 3677 319 3720 antem
330 3669 407 3721 nand
419 3670 428 3736 d
443 3671 473 3722 17
487 3671 643 3721 lancechl
652 3672 662 3734 ΙΙ
677 3673 708 3722 19
720 3661 966 3722 adomniaHeidac'ua
978 3671 989 3741 ΙΙ
1002 3673 1033 3722 27
1042 3671 1267 3726 deinaeldsindeL
1280 3673 1290 3741 ss

234 3737 268 3792 ³0
281 3739 385 3804 copiosa
395 3740 556 3806 expungebal
569 3737 674 3792 (luemus
685 3742 817 3806 quofacto
835 3737 998 3791 scribendum
1014 3756 1069 3790 cnm
1082 3756 1168 3792 cornu.
1185 3756 1219 3792 an
1241 3759 1302 3793 con·

235 3805 340 3875 spicue?
352 3805 361 3876 ss
375 3806 407 3858 34
419 3821 586 3858 marmoreum
597 3807 709 3871 positum
721 3815 748 3856 et
759 3805 783 3856 H
793 3803 802 3871 Η
815 3805 848 3856 36
861 3822 906 3888 qgo
918 3807 947 3858 ·L
