2864 4344
596 108 737 164 senune
1158 117 1199 178 59

274 268 466 332 consentiunt
480 265 847 339 laminihuthlmineum
862 267 947 332 iubar

274 354 407 417 incendit
420 353 699 434 aequorsihilisque
713 355 812 422 undae
825 361 968 420 tremunt.
1126 361 1159 412 40

274 449 415 522 stupuere
430 447 556 504 mentes.
590 439 693 504 infulis
709 439 826 504 stabant
841 439 915 503 sacri

274 527 461 609 Phrygioque
477 528 558 590 cultu
572 526 689 606 gemina
705 526 768 590 nati
781 527 906 607 pignora

274 613 435 680 Laucoute.
469 631 543 693 quoa
558 620 682 692 repente
696 602 865 694 tenporibus
880 612 973 692 ligant

275 716 387 780 angues
403 699 527 761 corusci.
550 699 686 780 parvulae
701 699 743 764 illi
758 717 863 762 manus

275 789 311 850 ad
327 804 377 850 ora
392 785 537 859 referunt,
553 792 661 850 neuter
672 785 779 848 auxilio
796 784 862 859 sibi,
1127 796 1160 846 45

277 880 402 953 uterque
418 872 514 934 tratri:
528 871 680 936 transtulit
695 871 789 952 pietas
803 870 881 933 vices

275 977 416 1039 morsque
430 957 494 1038 ipsa
509 957 633 1020 miseros
648 966 756 1021 mutuo
771 957 870 1039 perdit
885 963 978 1018 metu.

277 1043 446 1110 accumulat
460 1063 528 1106 ecce
543 1042 671 1110 liberum
685 1044 778 1106 funus
794 1061 911 1124 parens,

275 1132 411 1194 infirmus
427 1129 591 1194 auxiliator.
622 1129 766 1192 invadunt
780 1130 877 1192 virum

275 1219 336 1280 iam
349 1223 447 1279 morte
462 1215 539 1296 pasti
554 1215 750 1296 membraque
766 1216 802 1278 ad
817 1223 928 1278 terram
942 1214 1075 1278 trahunt.
1127 1227 1160 1278 50

275 1305 350 1366 iacet
365 1303 502 1366 sacerdos
517 1302 595 1364 inter
609 1319 674 1364 aras
688 1302 806 1364 victima

276 1398 443 1469 terramque
458 1387 580 1468 plangit.
614 1388 658 1450 sic
668 1388 832 1468 profanatis
847 1387 938 1450 sacris

275 1475 407 1558 peritura
422 1474 510 1538 Troia
526 1473 654 1554 perdidit
668 1474 798 1554 primum
814 1476 895 1537 deos.

318 1563 376 1623 iam
391 1560 477 1642 plena
493 1560 612 1648 Phoebe
628 1560 788 1623 candidum
804 1561 950 1624 extulerat
963 1559 1050 1622 iubar

275 1647 391 1713 minora
408 1647 521 1714 ducens
537 1653 616 1710 astra
630 1647 759 1709 radianti
774 1649 848 1720 face,
1129 1663 1161 1711 55

275 1753 343 1797 cum
358 1733 438 1802 inter
452 1733 585 1813 sepultos
601 1732 767 1796 Priamidas
781 1739 870 1796 nocte
885 1739 915 1794 et
930 1750 1013 1793 mero

275 1820 367 1882 Danai
381 1819 516 1888 relaxant
531 1819 657 1881 claustra
673 1825 704 1879 et
719 1819 877 1883 effundunt
892 1819 980 1880 viros.

274 1905 439 1976 tentantia
454 1904 545 1966 armis
560 1923 593 1966 se
608 1904 708 1978 duces,
725 1924 779 1968 ceu
794 1904 845 1967 uhi
860 1905 937 1967 solet

195 2000 198 2004 '
276 1993 355 2056 nodo
370 1991 514 2058 remissus
530 1990 663 2053 Thessali
678 1992 846 2073 quadrupes
861 1990 922 2071 iugi

275 2078 421 2144 cervicem
437 2083 467 2140 et
481 2079 555 2139 altae
570 2085 693 2158 quatere
708 2078 743 2140 ad
760 2095 916 2142 excursum
933 2076 1026 2140 iubas.
1086 2147 1088 2154 ,
1129 2092 1162 2142 oo

277 2165 388 2244 gladios
402 2171 575 2238 retractant,
592 2172 779 2227 commovent
793 2165 880 2227 orbes
896 2183 986 2227 manu

276 2250 449 2331 bellumque
464 2260 598 2314 sumunt.
631 2251 679 2312 hic
693 2269 796 2330 graves
812 2249 885 2312 alins
902 2268 985 2312 mero

276 2337 435 2402 obtruncat
450 2344 479 2398 et
493 2336 649 2399 continuat
664 2335 696 2398 in
711 2345 840 2399 mortem
854 2337 988 2400 rdtimam

1 2483 2 2498 ,
275 2441 409 2497 somnos,
424 2422 460 2484 ab
475 2423 534 2484 aris
549 2421 624 2486 alius
640 2423 776 2486 accendit
790 2427 869 2486 taces

1 2507 2 2544 l
276 2519 441 2588 contraque
456 2508 549 2571 Troas
561 2507 679 2571 invocat
693 2508 799 2572 Troiae
815 2507 916 2570 sacra!
1129 2525 1162 2574 55

1 2605 2 2612 ’
93 2613 115 2666 ι
217 2599 222 2682 Ι
242 2623 262 2660 s
288 2614 324 2657 ex
338 2595 375 2670 is,
391 2595 441 2676 qui
456 2594 489 2656 in
503 2593 666 2674 porticibus
678 2593 895 2674 spatiabantur,
910 2592 1022 2673 lapides
1034 2595 1065 2655 in
1078 2594 1202 2656 Eumol·
1215 2596 1255 2658 90

133 2707 209 2771 pum
225 2685 400 2749 recitantem
418 2681 572 2742 miserunt.
606 2689 636 2744 at
651 2681 710 2755 ille,
731 2679 783 2762 qni
798 2680 935 2761 plausum
957 2680 1069 2756 ingenii
1083 2680 1129 2742 sui
1145 2699 1203 2744 no-

133 2781 230 2846 verat,
245 2768 364 2851 operuit
378 2774 467 2848 capnt
482 2775 625 2847 extraque
639 2767 785 2854 templum
800 2767 938 2848 profugit
970 2766 1059 2830 timui
1080 2784 1144 2845 ego,
1165 2785 1205 2830 ne

134 2881 186 2924 me
201 2863 321 2941 poetam
336 2860 464 2916 vocaret.
497 2854 597 2933 itaque
612 2853 791 2916 subsecutus
806 2853 970 2934 lugientem
986 2855 1022 2916 ad
1042 2853 1113 2916 litus
1134 2873 1204 2934 per·

2 2945 3 2952 '
101 2965 117 3014 5
136 2945 216 3019 reni,
232 2954 262 3006 et
276 2949 310 3004 nt
324 2940 457 3020 primum
473 2946 555 3001 extra
576 2939 628 3002 teli
643 2941 810 3002 coniectum
821 2939 904 3002 licerit
916 2940 1097 3014 consistere,
1113 2938 1203 3019 ‘rogo’

134 3035 261 3113 inquam
277 3026 357 3110 ‘quid
374 3025 428 3089 tibi
442 3025 485 3088 vis
502 3044 568 3088 cum
585 3025 643 3088 isto
658 3022 786 3089 morbo?
808 3025 908 3088 minus
919 3043 1010 3105 quam
1022 3027 1138 3088 duabus
1148 3026 1205 3088 ho-

133 3119 179 3181 ris
195 3133 316 3180 mecum
336 3111 473 3185 moraris,
495 3119 526 3174 et
547 3111 666 3192 saepius
687 3112 803 3194 poetice
824 3129 913 3191 quam
933 3111 1066 3174 humane
1088 3112 1204 3175 locutus

135 3223 177 3267 es.
213 3202 312 3282 itaque
327 3217 391 3260 non
406 3197 509 3271 miror,
525 3197 552 3259 si
567 3205 597 3258 te
611 3198 741 3278 populus
756 3196 903 3278 lapidibus
917 3199 1116 3278 persequitur.
1151 3217 1204 3278 ego

134 3305 260 3373 quoque
275 3287 376 3349 sinum
388 3303 490 3346 meum
505 3282 584 3346 saxis
600 3285 739 3360 onerabo,
756 3291 789 3346 ut
811 3284 1049 3364 quotiescunque
1071 3284 1204 3364 coeperis

86 3394 117 3447 10
135 3396 153 3439 a
170 3384 200 3438 te
216 3374 307 3447 exire,
323 3370 498 3450 sanguinem
520 3369 605 3432 tibia
621 3371 715 3451 capite
737 3370 873 3432 mittam'.
907 3371 1001 3433 movit
1020 3370 1068 3433 ille
1090 3370 1205 3432 vultum

136 3470 168 3524 et
183 3466 213 3521 ‘o
228 3459 278 3522 mi'
293 3457 392 3538 inquit
409 3457 603 3529 ‘adulescens
620 3474 682 3519 non
696 3457 785 3520 hodie
798 3456 930 3537 primum
942 3456 1111 3538 auspicatus
1127 3473 1204 3518 sum.
1239 3527 1241 3535 p

133 3550 230 3611 immo
246 3544 363 3626 quoties
378 3543 541 3616 theatrum,
568 3551 602 3605 ut
622 3543 778 3606 recitarem
801 3541 922 3624 aliquid,
937 3543 1054 3618 intravi,
1081 3543 1137 3604 hac
1157 3562 1206 3606 me

204 3758 238 3810 59
252 3761 394 3826 comptus.
408 3757 504 3806 tentoni
516 3755 667 3819 angeriacum
679 3753 688 3822 b
701 3755 733 3806 47
754 3755 850 3807 cochei
862 3769 981 3820 moraque
994 3751 1003 3821 {l
1022 3753 1053 3804 59
1071 3752 1137 3802 nudo
1150 3750 1160 3818 it
1173 3751 1205 3802 53

134 3837 236 3882 noctem
249 3826 338 3880 Boura
350 3823 359 3893 ll
372 3825 405 3874 54
418 3823 505 3884 aynris
518 3821 528 3889 ΙΙ
543 3823 574 3876 10
586 3823 674 3887 movit]
692 3825 752 3874 haec
763 3828 786 3874 et
798 3821 828 3874 de
836 3825 967 3890 proximis
978 3822 1108 3890 cornplura
1123 3823 1151 3872 ire
1162 3838 1206 3876 or-

133 3902 188 3950 uus
199 3895 306 3949 redacto
317 3893 327 3962 11
342 3895 372 3946 12
384 3892 426 3942 hic
437 3891 475 3942 vel
483 3892 529 3943 hec
855 3919 860 3930 .
