2838 4348
652 71 845 125 Mnnnrsnn

665 227 743 290 xxv
764 225 830 306 (44)

148 339 193 389 141
311 335 348 388 et
364 345 432 388 ecce
448 327 484 388 de
499 325 650 406 inproviso
673 326 708 387 ad
730 345 784 388 nos
799 326 911 388 accedit
932 344 1005 388 cana
1020 327 1147 401 Veritas,
1173 327 1293 392 Attices

216 412 420 493 philosophiae
435 411 554 474 alumna

675 496 766 558 XXVI
782 496 827 573 (7)

146 615 194 666 142
319 616 387 658 oum
402 596 433 658 in
448 615 483 658 eo
507 614 604 658 essem
625 603 788 674 occupatus
807 603 895 676 atque
920 595 951 659 in
974 596 1075 659 schola
1096 615 1227 670 curarer,
1258 607 1295 660 ut

218 679 322 743 scribit
338 682 485 754 Scantius,
503 683 608 743 ‘horno
625 699 678 760 per
693 681 839 762 Dionysia’

148 890 195 941 143
281 867 283 872 ’
319 885 400 964 quod
417 901 449 945 ea
466 883 513 944 die
528 902 594 945 mea
610 783 696 944 eratX
689 784 843 964 (1111144111,
870 883 902 945 in
926 883 1045 945 ianuam
1072 888 1152 945 ‘care
1176 884 1293 946 canem’

218 969 339 1031 inscribi
353 969 441 1031 iubeo
632 969 634 979 '
878 1009 880 1014 ·

648 1053 766 1116 XXVlll
781 1051 847 1130 (23)

148 1168 196 1219 144
318 1161 347 1215 41
375 1152 465 1215 441441
485 1152 652 1214 scholastici
679 1153 788 1214 saturis
815 1151 936 1214 auribus
952 1152 1079 1215 scholica
1101 1154 1176 1233 dape
1200 1163 1294 1236 atque

218 1238 308 1300 ebriis
323 1239 483 1320 sophistice
498 1239 720 1319 aperantologia
736 1238 942 1317 consurgimus
957 1239 1065 1300 ieiunis
1080 1238 1175 1300 oculis

643 1340 775 1404 xxvnn
791 1341 857 1418 (44)

149 1453 196 1504 145
220 1525 248 1587 d·
321 1440 493 1520 priusquam
510 1441 733 1521 responderem,
749 1441 822 1502 toris
838 1441 938 1502 nescio
955 1440 1021 1522 quis
1038 1450 1162 1522 occupat
1177 1460 1227 1504 res
1242 1443 1295 1505 in·

240 1545 319 1589 44444

671 1611 753 1671 xxx
769 1609 836 1688 (34)

151 1724 199 1776 146
324 1711 371 1774 vix
386 1711 490 1790 vulgus
507 1709 631 1772 conllnit
647 1729 708 1772 non
723 1710 868 1772 furiarum
885 1712 936 1772 sed
952 1728 1113 1791 puerorum
1129 1720 1220 1792 atque
1236 1731 1294 1774 an·

220 1796 363 1870 uillarum,
378 1797 429 1877 qui
445 1813 549 1858 omnes
566 1795 717 1858 mobilem
733 1803 826 1858 atram
843 1796 954 1876 agitare
968 1798 1155 1860 clamitantes
1172 1799 1295 1878 opinio-

221 1901 291 1943 nem
307 1882 380 1944 mihi
395 1883 529 1944 insaniae
545 1900 627 1943 meae
643 1883 823 1945 confirmant

667 1985 761 2046 xxxx
779 1984 844 2061 (44)

152 2093 199 2144 141
324 2084 460 2146 forenses
476 2083 641 2146 decernunt
655 2093 690 2146 ut
704 2084 893 2147 Existimatio
908 2103 1020 2148 nomen
1035 2103 1137 2148 meum
1151 2084 1184 2148 in
1200 2104 1295 2148 sano-

222 2187 290 2231 rum
305 2187 464 2232 numerum
480 2169 590 2232 referat

661 2271 768 2335 xxxx
785 2274 850 2349 (44)

153 2381 202 2432 148
324 2392 394 2435 nam
410 2380 443 2435 ut
459 2372 589 2455 arquatis
605 2374 686 2436 lutea
706 2392 780 2454 quae
801 2391 864 2435 non
884 2380 956 2435 sunt
976 2380 1006 2434 et
1025 2391 1099 2455 quae
1120 2382 1192 2436 sunt
1214 2374 1295 2438 lutea

224 2457 374 2534 videntur,
389 2459 432 2522 sic
446 2459 558 2522 insanis
573 2459 636 2522 sani
651 2467 680 2520 et
695 2459 800 2521 furiosi
814 2459 954 2522 videntur
969 2479 1034 2522 esse
1049 2460 1146 2528 insani

453 2559 480 2588 '³
657 2562 777 2625 XXXlll
793 2560 859 2639 (33)

38 2732 42 2744 ,
154 2679 202 2731 149
324 2662 389 2727 iens
399 2663 522 2727 domum
532 2669 651 2742 praeter
667 2661 769 2726 matris
785 2661 875 2723 deum
885 2661 991 2724 aedom
1001 2661 1295 2749 exaudioeymbalo-

224 2766 292 2810 rum
308 2749 441 2810 sonitum

40 2895 43 2924 ἑ
648 2831 781 2894 XXllllll
802 2831 868 2908 (34)

13 2939 44 2986 's
156 2944 204 2995 150
326 2951 394 2995 cum
410 2932 458 2994 illo
475 2932 553 3006 reni,
574 2929 658 2994 video
673 2931 817 3012 gallorum
832 2929 1031 3012 frequentiam
1051 2929 1083 2991 in
1098 2931 1220 3010 templo,
1242 2932 1293 3011 qui

227 3020 298 3081 dum
314 3037 441 3080 messem
457 3018 583 3079 hornam
599 3018 725 3079 adlatam
735 3016 896 3098 imponunt
906 3016 1012 3079 Attidis
1028 3016 1121 3095 signo,
1139 3018 1293 3098 synodiam

225 3105 365 3185 gallantes
380 3105 460 3166 vario
475 3102 648 3166 recinebant
663 3103 762 3165 studio

662 3207 767 3270 XXXV
787 3204 853 3282 (37)

40 3305 47 3321 ’
158 3322 203 3373 111
327 3306 380 3369 ubi
395 3306 498 3370 vident
512 3325 545 3370 se
559 3306 707 3370 cantando
727 3325 761 3368 444
775 3325 824 3368 era
841 3311 996 3368 excantare
1015 3322 1077 3364 non
1091 3321 1192 3383 posse,
1213 3302 1292 3364 deri·

226 3410 299 3474 pere
313 3392 460 3472 incipiunt

298 3547 345 3598 141
360 3553 386 3598 41
400 3545 493 3598 delebat
504 3546 677 3598 Floclreiaenus
688 3549 716 3598 ut
728 3545 777 3600 duo
790 3547 880 3615 timent
892 3547 1029 3614 septenarii
1038 3545 1168 3596 trochaici.
1189 3547 1294 3595 44144444-

227 3618 299 3668 rtum
308 3617 444 3666 iambicum
458 3631 530 3681 quem
541 3616 654 3667 trochaei
663 3619 830 3682 sequerentur
842 3613 981 3666 lletnelre'ua
991 3615 1095 3680 fecerat
1109 3612 1113 3678 (
1130 3613 1253 3679 14441444
1267 3627 1295 3663 a·

228 3699 275 3752 qun
289 3684 369 3735 ebriis
382 3683 497 3735 lesticae.
522 3685 582 3734 11444
594 3685 727 3735 4141441114
741 3683 834 3736 044444
851 3699 868 3734 a
881 3683 1000 3736 Varrone
1011 3683 1082 3750 (1444
1097 3680 1191 3732 litteris
1207 3697 1225 3731 4
1242 3679 1293 3733 Νο-

227 3753 381 3818 sicquidem
393 3755 488 3820 scripta
500 3757 560 3802 4441
569 3751 669 3803 Latinis
682 3751 691 3820 ()
705 3751 754 3803 149
767 3753 897 3805 4444444444
908 3758 1130 3818 practermatrem.
1156 3751 1211 3800 41141
1219 3765 1296 3818 prae-

231 3825 284 3872 4141
301 3822 358 3871 dum
371 3837 401 3871 co
414 3828 516 3887 praeter
529 3821 540 3886 Ι)
554 3821 602 3872 150
621 3838 675 3872 eum
693 3821 753 3872 illos
770 3829 848 3875 vento
864 3817 869 3889 )
884 3819 1033 3872 domasseuu
1044 3821 1165 3870 buranam
1181 3819 1296 3870 adlatum
