2864 4344
604 126 745 179 sarrano
1167 131 1207 194 27

100 283 302 344 noorneolos
317 281 382 354 fuit,
396 287 523 344 aetatem
537 281 615 343 bene
626 281 748 351 ferebat,
761 283 844 362 niger
855 289 996 363 tanquam
1013 303 1126 370 corvus.
1152 304 1209 350 uo-

138 387 242 430 veram
258 367 411 428 hominem
424 368 494 428 olim
507 368 644 444 oliorum,
661 376 691 430 et
706 369 802 430 adhuc
815 370 894 430 salax
911 378 981 430 erat
1014 363 1077 432 non
1089 373 1208 434 meher-

137 457 222 516 cules
236 453 318 515 illum
335 453 430 532 puto
423 471 454 514 ιιι
466 453 556 513 domo
572 471 675 514 canem
697 453 863 533 reliquisse.
898 455 991 516 immo
1013 456 1103 518 etiam
1123 459 1227 542 puel-

138 541 233 602 larius
251 545 324 612 erat,
345 539 443 600 omnis
466 527 618 600 minervae
637 539 737 600 homo.
772 557 828 601 nec
850 539 1003 618 improh03
1030 541 1088 603 hoc
1107 544 1204 604 solum

105 641 120 690 5
139 627 222 689 enim
241 643 343 686 seeum
359 623 444 685 tulit’

226 711 300 772 haee
315 710 448 771 Phileros
464 709 544 782 dixit,
566 709 613 771 illa
625 709 825 788 Ganymedes:
850 711 986 772 narratis
1003 713 1083 792 quod
1099 732 1155 776 neo
1171 715 1206 776 ad
1220 707 1260 768 44

138 798 256 860 caelum
274 813 330 856 nec
347 795 383 856 ad
405 804 516 856 terram
528 795 666 874 pertinet,
691 814 759 857 oum
775 795 896 862 interim
915 815 1005 858 nemo
1020 807 1113 869 curat,
1136 800 1208 898 quid

138 900 261 946 annona
278 881 404 942 mordet.
436 900 498 942 nou
515 881 699 942 mehercules
720 880 808 942 hodie
828 881 951 944 buccam
970 883 1056 962 panis
1072 885 1208 948 iuvenire

138 968 235 1049 potui.
268 975 299 1028 et
314 967 465 1046 quomodo
480 966 598 1028 siccitas
610 975 789 1045 perseverat.
812 967 871 1027 ianr
884 985 997 1029 annum
1007 969 1129 1032 esuritio
1141 972 1206 1033 luit.

91 1070 121 1122 lu
140 1055 253 1116 aediles
263 1053 338 1113 male
348 1052 473 1122 eveniat,
489 1052 539 1132 qui
548 1070 615 1114 cum
622 1051 784 1131 pistoribus
800 1054 952 1114 colludunt
966 1061 1132 1128 “servame,
1143 1075 1207 1118 ser-

139 1140 212 1202 vabo
223 1136 288 1208 te''.¹
297 1138 398 1215 itaque
408 1137 536 1218 populus
545 1138 676 1199 minutus
688 1137 816 1208 laborat;
833 1157 902 1199 nam
911 1139 960 1200 isti
969 1139 1097 1202 maiores
1105 1143 1208 1204 maxil-

139 1228 185 1287 lae
202 1242 323 1303 semper
338 1223 501 1284 Saturnalia
514 1233 613 1303 agunt.
655 1243 672 1284 o
689 1223 713 1282 si
730 1222 906 1287 haberemus
922 1224 986 1286 illos
1000 1225 1111 1298 leones,
1132 1246 1207 1306 quos

141 1329 195 1390 ego
211 1309 380 1382 hioinreni,
397 1308 608 1387 cumprimum
624 1327 660 1370 en
674 1307 740 1370 hsia
756 1309 832 1370 veni.
866 1309 937 1372 illud
953 1319 1016 1370 erat
1032 1311 1138 1374 vivere.
1167 1315 1208 1376 si-

141 1395 221 1458 milia
237 1393 327 1456 sicilia
338 1393 497 1455 interiores
518 1402 548 1456 et
562 1394 659 1475 laruas
682 1393 726 1454 sic
745 1393 819 1454 istos
834 1394 1073 1474 percolopabant,
1096 1407 1129 1459 ut
1149 1399 1207 1462 illis

31 1537 32 1542 ,
94 1498 122 1548 15
140 1483 252 1562 Iupiter
266 1480 358 1540 iratus
376 1487 465 1540 esset.
497 1480 566 1557 [sed]
590 1479 714 1540 memini
730 1479 891 1540 Safinium:
913 1488 986 1542 tunc
1006 1481 1156 1546 habitabat
1171 1486 1207 1548 ad

31 1577 32 1586 ’
141 1585 244 1630 arcum
257 1572 397 1641 veterem,
414 1584 463 1626 me
475 1583 577 1644 puero,
593 1564 688 1644 piper,
706 1581 766 1626 uon
777 1566 877 1626 homo.
910 1565 936 1626 is
947 1585 1125 1648 quacunque
1136 1569 1207 1643 ibat,

140 1660 252 1718 terram
266 1650 418 1712 adurebat.
443 1650 495 1712 sed
507 1657 617 1721 rectus,
630 1651 681 1712 sed
693 1658 803 1722 certus,
819 1649 933 1712 amicus
946 1653 1050 1724 amico,
1067 1673 1135 1715 cum
1148 1674 1208 1733 quo

140 1739 280 1800 audacter
301 1755 404 1816 posses
419 1736 451 1798 in
472 1735 604 1797 tenebris
628 1736 746 1796 micare.
785 1735 914 1796 incuria
936 1744 1035 1798 autem
1058 1740 1207 1818 quomodo

141 1823 274 1903 singulos
291 1823 353 1898 [vel]
369 1822 478 1901 pilabat
493 1820 665 1899 [tractabat],
681 1838 737 1881 nec
752 1821 889 1882 schemas
902 1820 1079 1900 loquebatur
1091 1824 1144 1885 sed
1160 1824 1208 1886 di-

29 1947 30 1954 ,
94 1927 124 1975 ao
141 1919 268 1971 rectum.
303 1926 371 1970 cum
387 1913 486 1986 ageret
500 1925 590 1986 porro
605 1906 636 1966 in
652 1909 728 1976 loro,
750 1905 792 1967 sic
803 1906 881 1968 illius
898 1925 953 1968 vox
969 1909 1119 1972 crescebat
1138 1917 1209 1972 tan-

140 2013 231 2076 quam
247 1994 329 2056 tuba.
363 2011 417 2054 nec
432 1992 548 2054 sudavit
564 2009 696 2071 unquam
714 2011 770 2053 nec
785 1993 895 2071 expuit,
919 2001 993 2072 puto
1017 2014 1085 2056 eum
1107 1997 1207 2058 nescio

120 2080 223 2178 quid·
232 2078 346 2140 Asiadis
366 2078 514 2140 habuisse.
560 2085 590 2137 et
610 2096 697 2156 quarn
719 2076 867 2156 benignus
890 2078 1060 2152 resalutare,
1087 2081 1208 2144 nomina

142 2164 278 2226 omnium
294 2163 428 2234 reddere,
443 2170 584 2242 tanquam
600 2181 679 2224 unus
695 2164 732 2224 de
748 2162 844 2224 nobis.
878 2163 980 2244 itaque
1002 2164 1051 2226 illo
1073 2173 1208 2247 tempore

141 2270 262 2314 annona
276 2251 330 2330 pro
338 2250 409 2310 luto
425 2255 498 2309 erat.
533 2267 599 2310 asse
610 2267 720 2327 panem
733 2267 826 2327 quem
834 2249 968 2319 emisses,
979 2267 1040 2312 non
1056 2253 1207 2330 potuisses

95 2355 123 2406 ιι
142 2357 210 2400 cum
227 2337 320 2398 altero
337 2335 489 2395 devorare.
519 2352 602 2395 nunc
617 2333 736 2395 oculum
751 2324 875 2396 bublum
892 2335 950 2397 vidi
966 2335 1118 2398 maiorem.
1149 2339 1208 2400 heu

141 2424 210 2492 heu,
227 2420 359 2501 quotidie
376 2420 469 2499 peius
499 2420 572 2483 haec
594 2419 709 2481 colonia
730 2428 917 2482 retroversus
942 2421 1045 2484 crescit
1065 2429 1206 2520 tauquam

141 2509 213 2570 coda
230 2506 321 2568 rituli.
355 2506 406 2568 sed
423 2523 515 2584 quare
539 2522 595 2565 nos
611 2505 755 2566 habemus
771 2504 894 2565 aedilem
913 2505 1017 2566 trium
1025 2525 1206 2580 caonrarum,

142 2595 192 2674 qui
207 2592 262 2654 sibi
277 2592 388 2654 mavult
402 2609 499 2652 assem
515 2609 604 2671 quam
620 2590 709 2652 vitam
724 2587 885 2651 nostram?
916 2591 1015 2671 itaque
1035 2592 1116 2654 domi
1134 2613 1206 2673 gau-

142 2683 201 2749 det,
216 2679 284 2758 plus
298 2677 329 2738 in
345 2677 392 2738 die
403 2695 595 2738 nummorum
611 2675 726 2756 accipit,
743 2694 831 2756 quarn
843 2676 919 2738 alter
929 2675 1142 2756 patrimonium
1154 2680 1208 2741 ha-

96 2779 125 2828 30
143 2767 202 2828 bet.
241 2764 300 2825 iarn
315 2763 386 2835 scio,
403 2763 484 2823 unde
499 2762 644 2841 acceperit
658 2762 794 2824 denarios
810 2762 889 2824 mille
901 2781 1018 2824 aureos.
1049 2766 1102 2826 sed
1114 2766 1139 2825 si
1152 2784 1207 2826 nos

143 2852 240 2913 coleos
257 2849 443 2918 haberemus,
459 2864 522 2908 nou
536 2854 653 2908 tanturn
668 2847 724 2908 sibi
739 2849 875 2927 placeret.
911 2866 992 2910 nunc
1011 2851 1138 2929 populus
1162 2857 1208 2912 est

143 2935 224 2998 domi
239 2936 350 3006 leones,
366 2937 446 2994 foras
461 2932 572 3012 vulpes.
607 2934 686 3011 quod
702 2934 738 2995 ad
754 2951 804 2993 me
815 2935 929 3005 attinet,
942 2935 1001 2995 iarn
1013 2952 1129 3014 pannos
1142 2955 1207 3000 mer

143 3043 176 3082 os
193 3020 320 3092 comedi,
335 3029 365 3082 et
380 3018 405 3080 si
421 3026 593 3097 perseverat
608 3019 681 3080 haec
696 3035 823 3089 annona,
845 3020 958 3082 casulas
974 3038 1057 3081 meas
1072 3023 1221 3083 vendam,-

144 3107 214 3186 quid
231 3105 311 3166 enim
326 3109 460 3165 futurum
478 3111 532 3176 est,
555 3103 580 3164 si
599 3121 655 3164 nec
670 3104 709 3164 dii
733 3121 789 3164 nec
807 3104 946 3165 homines
967 3105 1055 3166 huius
1076 3107 1207 3171 coloniae

98 3207 126 3258 35
144 3188 345 3254 miserentur?
379 3190 418 3249 ita
434 3207 516 3249 meos
529 3189 685 3259 fruniscar,
702 3198 734 3250 ut
747 3207 799 3267 ego
814 3197 888 3268 puto
904 3190 1003 3250 omnia
1014 3191 1062 3252 illa
1080 3210 1095 3252 a
1112 3191 1208 3254 diibus

94 3285 131 3336 lla
144 3276 218 3338 lieri.
238 3273 242 3356 Ι
264 3294 353 3336 nemo
369 3273 449 3336 enirn
465 3274 578 3335 caelum
595 3274 709 3335 caelum
724 3281 818 3354 putat,
835 3292 923 3335 nemo
940 3275 1083 3338 ieiunium
1100 3285 1208 3350 servat,

145 3381 234 3424 nemo
250 3361 347 3422 lovem
363 3360 415 3439 pili
429 3359 507 3431 lacit,
531 3359 584 3420 sod
600 3377 704 3420 omnes
720 3359 832 3438 opertis
849 3359 940 3420 oculis
961 3361 1040 3421 bona
1055 3379 1109 3422 sua
1125 3381 1208 3424 com-

108 3457 130 3507 ιι
144 3455 257 3528 putant.
277 3445 280 3526 Ι
301 3454 387 3508 antea
403 3446 527 3507 stolatae
542 3443 625 3505 ibant
640 3444 728 3504 nudis
740 3444 866 3524 pedibus
877 3445 907 3506 in
920 3445 1036 3519 olivum,
1052 3447 1146 3525 passis
1158 3467 1208 3508 ca-

144 3533 230 3614 pillis,
246 3530 397 3594 mentibus
408 3531 503 3611 puris,
519 3536 549 3591 et
560 3528 659 3590 lovem
675 3548 782 3610 aquam
795 3529 965 3592 exorabant.
998 3531 1097 3612 itaque
1108 3533 1207 3594 statim

194 3737 209 3786 2
223 3735 385 3786 mulierosum
391 3689 518 3799 Heinsida,
526 3733 667 3784 molliorem
674 3733 804 3785 Aroanios
816 3733 826 3802 b
839 3734 945 3786 decurio
959 3733 968 3803 ΙΙ
984 3735 1207 3788 13tentooe'simila

145 3819 167 3854 si
160 3805 273 3870 siliqua
287 3804 399 3856 interior
410 3811 480 3854 esset
492 3800 501 3868 ll
517 3803 547 3853 19
564 3802 684 3854 dilectum
697 3800 706 3870 b
720 3804 750 3855 21
764 3811 825 3868 puto
841 3802 908 3854 enim
921 3802 931 3870 b
943 3805 975 3854 27
989 3821 1038 3855 uon
1053 3805 1173 3856 habemus
1186 3802 1195 3871 b

145 3873 258 3938 sortasse
274 3889 322 3922 non
342 3873 418 3924 trium
431 3870 440 3939 b
454 3873 487 3922 34
500 3872 555 3921 eius
567 3871 579 3938 b
591 3871 623 3922 35
637 3869 683 3921 illo
696 3871 822 3922 aedilibus
836 3871 892 3922 lleri
905 3873 916 3938 ΙΙ
928 3873 960 3924 37
973 3873 1054 3938 pluris
1067 3873 1129 3924 lacit
1142 3870 1161 3922 L
