2838 4348
687 113 881 169 unulrrnon

734 270 770 332 Vl
790 271 836 343 (2)

78 349 79 354 ἵ
178 388 228 440 499
353 391 385 434 99
401 372 605 451 circumspexe
621 377 711 450 atque
726 369 875 432 invenisse
890 387 923 430 se
941 387 1010 430 oum
1025 367 1156 430 dormire
1172 369 1323 450 coepisset

251 466 313 520 tam
334 458 433 537 glaber
459 476 549 538 quam
571 457 709 520 Socrates
736 455 814 518 calva
840 471 907 516 esse
932 454 1045 516 foetum
1068 454 1194 518 ericium
1217 475 1232 517 e
1252 455 1322 537 pilis

251 543 333 618 albis,
350 563 418 606 eum
433 542 610 624 proboscide

725 625 774 688 Vll
792 623 838 700 (3)

179 737 228 789 491
354 728 480 790 Romam
495 746 648 808 regressus
663 726 704 788 ibi
720 725 795 788 nihil
809 723 928 798 offendi,
945 723 1025 803 quod
1041 733 1110 787 ante
1125 742 1220 788 annos
1231 726 1320 808 quin·

252 813 400 896 quaginta,
416 814 629 895 cumprimum
645 812 775 875 dormire
791 811 884 892 coepi,
900 810 1007 890 reliqui

708 923 772 987 llll
789 923 854 996 (19)

178 1031 229 1084 492
315 1061 317 1066 -
352 1046 388 1088 99
404 1034 437 1089 ut
451 1026 591 1090 viaticum
607 1045 643 1088 ex
658 1025 757 1087 arcula
772 1024 920 1097 adderem,
935 1023 966 1085 in
982 1021 1102 1103 belgam

707 1128 784 1191 Vllll
800 1127 865 1203 (18)

180 1235 230 1288 493
354 1229 439 1292 aooiti
454 1248 570 1304 sumus,
582 1238 616 1292 ut
632 1230 872 1309 depontaremur.
896 1245 1035 1290 murmur
1048 1225 1082 1288 lit
1096 1229 1177 1290 ferus

730 1344 838 1418 xpe)

180 1460 231 1511 494
355 1445 412 1507 ‘rix
427 1446 533 1508 effatus
549 1445 620 1508 erat'
642 1460 710 1507 eum
726 1462 810 1506 more
826 1443 972 1508 maiorum
994 1445 1072 1508 ultro
1093 1444 1227 1508 carnales
1248 1445 1320 1508 arri·

252 1529 349 1610 pium,
365 1532 402 1594 de
416 1540 508 1613 ponte
523 1531 555 1594 in
570 1531 702 1593 Tiberim
717 1530 876 1594 deturbant

180 1751 229 1804 495
360 1747 534 1828 inquorum
554 1748 653 1810 locum
676 1647 838 1810 suhilgulgt)
854 1745 1017 1828 inquilinae
1038 1745 1177 1827 impietas
1199 1746 1319 1829 pertidia

252 1831 437 1913 impudicitia

728 1917 781 1980 Xll
798 1918 841 1996 (7)

179 2033 230 2084 496
354 2035 435 2079 nune
450 2017 516 2097 quis
531 2023 648 2096 patrem
663 2018 767 2080 decem
783 2035 930 2080 annorum
947 2024 1034 2079 natus
1050 2033 1111 2078 non
1124 2017 1214 2078 modo
1227 2015 1320 2078 aufert

253 2100 306 2164 sed
321 2102 398 2165 tollit
413 2138 455 2148 —
469 2102 530 2165 nisi
544 2099 683 2165 veneno?

180 2319 229 2372 497
355 2303 407 2366 ubi
422 2311 486 2367 tum
502 2303 621 2368 eomitia
637 2203 794 2378 habebdjlnltl'
807 2207 852 2367 id}
866 2323 946 2368 nunc
961 2305 993 2367 fit
1008 2311 1157 2368 mercatus

255 2421 281 2490 .·
715 2423 855 2504 ximo)

180 2539 230 2592 498
355 2521 433 2602 quod
444 2521 525 2602 leges
537 2522 651 2598 iubent,
664 2540 725 2586 non
734 2522 863 2620 iaciunt:
880 2516 935 2598 δὸς
947 2515 1003 2585 καὶ
1013 2516 1094 2602 λαβέ
1105 2518 1317 2585 lervitomnino

179 2755 232 2810 499
353 2730 457 2796 avidus
479 2732 568 2796 iudex
582 2752 669 2798 reum
684 2633 891 2820 dedebadgdsse
905 2727 1013 2800 κοινὸν
1021 2723 1142 2819 Ἑρμῆν

182 2969 232 3023 599
355 2961 390 3016 ut
404 2953 504 3016 nitens
520 2955 643 3036 pavonis
659 2855 1041 3020 oudsvdiiffii)extrinsecus
1056 2971 1179 3018 sumens

182 3182 230 3234 tut
354 3182 428 3239 tune
443 3174 565 3257 nuptiae
580 3077 865 3240 videbantxoffleffl
879 3176 1039 3240 Lucrinam

700 3293 792 3360 XVlll
809 3297 875 3373 (20)

183 3414 233 3468 502
356 3411 393 3455 an
410 3392 435 3456 si
450 3412 558 3476 equam
573 3395 696 3459 emisses
711 3397 935 3479 quadripedem,
955 3403 994 3460 ut'
1008 3417 1077 3460 meo
1098 3396 1183 3460 asino
1199 3395 1319 3462 Reatino
1399 3387 1400 3428 Τ

160 3541 166 3560 ,
256 3477 439 3554 admitteres,
455 3489 600 3561 quantum
617 3485 821 3564 poposcissem
839 3484 971 3547 dedisses
987 3481 1175 3564 equimenti?
1241 3523 1248 3534 -

323 3671 374 3722 490
387 3671 471 3736 calvo]
485 3671 585 3725 calvum
596 3678 642 3725 out
653 3673 759 3740 galbam.
777 3671 909 3728 9194999999
918 3673 947 3727 id
956 3671 1186 3728 mosomenses
1199 3673 1208 3744 Ι(
1221 3677 1272 3728 492
1282 3675 1320 3728 ad·

254 3737 314 3790 dero
328 3737 337 3806 (Ι
349 3740 399 3791 493
412 3743 523 3792 senariis
535 3741 628 3794 tribuit
638 3740 668 3794 L.
681 3741 819 3796 Muellerus
828 3741 877 3808 (uti
887 3745 1091 3812 deportarentur)
1108 3743 1112 3812 l
1128 3761 1206 3798 verus
1215 3744 1320 3798 velleris
1399 3741 1400 3776 l

268 3805 277 3874 (Ι
290 3807 341 3858 494
351 3824 470 3861 99999999
488 3825 546 3862 eum
565 3812 605 3862 bio
615 3814 671 3863 tum
683 3815 710 3863 io
718 3815 927 3883 interpretatione
941 3811 1020 3868 Nonii
1033 3813 1123 3866 Iunius
1135 3812 1145 3882 ss
1159 3813 1209 3866 lue
1225 3813 1319 3866 feeiuut
1399 3847 1400 3888 3

255 3873 352 3928 fociant
365 3879 410 3928 dos
423 3879 512 3931 oeluve
526 3877 535 3946 (Ι
550 3882 598 3932 599
610 3896 699 3932 umens
