2864 4344
584 147 728 202 surium
1141 153 1181 216 37

85 313 283 367 nnummum.
328 303 364 366 ad
379 322 537 377 summam,
558 303 584 365 si
598 303 670 384 quid
684 303 738 378 vis,
762 323 814 386 ego
830 313 859 366 et
875 314 908 368 tu
923 295 1181 388 spofisiunculam:

117 392 169 464 exi,
185 391 289 454 dolero
304 390 444 452 lamnam.
482 391 541 452 iam
560 389 635 452 scies
660 398 774 470 patrem
797 399 884 454 tuum
904 393 1056 454 mercedes
1080 394 1182 474 perdi·

115 476 203 550 disse,
221 474 360 557 quamvis
377 483 407 536 et
420 475 600 540 rhetoricam
617 475 683 538 scis.
728 495 797 538 acce

237 561 310 642 “qui
325 560 361 644 dte
376 560 465 622 nohis
480 562 569 642 longe
583 543 678 634 vehis
692 563 752 624 lato
767 559 877 623 venio?
893 563 975 624 solve
991 561 1067 624 me.''

86 655 100 702 ὅ
114 647 211 710 dicam
226 645 292 720 tihi,
316 645 366 727 qui
379 647 416 708 de
431 646 517 709 nobis
532 647 625 709 currit
646 655 675 709 et
690 647 806 709 deloco
821 665 884 708 non
899 657 1050 724 movetur3
1072 650 1123 730 qui
1146 651 1183 712 de

113 732 199 794 nohis
215 733 323 794 crescit
338 740 367 792 et
381 731 481 794 minor
496 733 537 793 fit.
571 733 676 806 curris,
692 743 802 814 stupes,
819 733 936 812 satagis,
956 743 1098 814 tanquam
1115 755 1182 797 mus

112 820 144 881 in
160 817 289 880 matella.
323 835 394 897 ergo
407 826 457 880 aut
472 826 536 880 tace
559 825 610 880 aut
630 819 783 881 meliorem
804 818 866 880 noli
890 819 1058 894 molestato,
1082 821 1182 901 quite

113 912 218 966 natum
233 921 295 964 non
310 909 411 984 putat3
426 903 484 965 nisi
500 904 526 966 si
539 923 589 965 me
604 904 716 966 iudicas
730 905 835 966 anulos
850 904 962 966 buxeos
979 923 1091 978 curare,
1108 925 1182 986 quos

113 989 227 1052 amicae
244 996 312 1051 tuae
328 989 475 1050 involasti.
509 989 700 1070 Occuponem
715 990 885 1070 propitium.
920 1009 1022 1052 eamus
1037 991 1069 1052 in
1084 993 1182 1053 lorum

69 1084 96 1134 ιι)
114 1083 144 1136 et
169 1075 312 1156 pecunias
334 1082 518 1136 mutuemur.
555 1075 615 1136 lam
638 1075 713 1137 scies
739 1076 796 1136 hoc
817 1075 931 1138 ferrum
953 1077 1041 1138 fidem
1064 1077 1182 1138 hahere.

112 1161 178 1233 vah,
194 1159 270 1222 bella
285 1179 335 1222 res
351 1167 395 1241 cst
409 1160 502 1240 volpis
519 1161 586 1222 uda.
620 1160 660 1221 ita
674 1161 792 1223 lucrum
808 1161 911 1223 luciam
927 1169 957 1223 ct
970 1162 1010 1223 ita
1023 1162 1101 1223 hene
1115 1181 1182 1223 mo-

112 1247 172 1309 riar
188 1254 241 1307 aut
251 1245 380 1326 populus
395 1264 448 1326 per
460 1245 571 1308 exitum
585 1264 686 1308 meum
698 1243 786 1317 iuret,
802 1246 861 1308 nisi
874 1255 904 1307 te
912 1247 1022 1327 ubique
1034 1251 1182 1328 toga'par-

111 1349 197 1394 versa
211 1331 298 1392 fuero
315 1339 497 1411 persecutus.
528 1331 602 1393 bella
618 1349 666 1393 res
682 1341 712 1393 et
727 1333 791 1404 iste,
807 1332 857 1412 qui
874 1341 903 1394 te
915 1333 989 1394 haec
1004 1334 1097 1408 docet,
1114 1353 1181 1394 mu-

111 1418 200 1489 frius,
213 1431 280 1478 'non
288 1417 436 1496 magister.
452 1433 504 1478 cos
516 1416 681 1489 didicimus,
706 1418 820 1479 dicebat
828 1418 909 1479 enim
921 1419 1074 1498 magister:
1092 1426 1183 1480 “sunt

69 1509 95 1558 ιι
112 1511 213 1564 vestra
229 1499 332 1563 salva?
346 1509 426 1563 recta
443 1503 581 1576 domum;
598 1521 676 1577 cave,
692 1503 927 1583 circumspiciam
943 1523 1022 1578 cave,
1038 1504 1182 1566 maiorem

114 1588 285 1650 maledicas.
320 1595 371 1653 aut
386 1605 510 1651 numera
525 1588 665 1668 mapalia:
686 1606 776 1649 nemo
792 1588 935 1668 dupondii
951 1589 1086 1651 evadet.’'
1118 1610 1181 1669 ego,

113 1674 195 1754 quod
211 1691 262 1734 me
277 1672 321 1734 sic
332 1673 425 1747 vides,
447 1680 570 1754 pmpter
584 1671 742 1736 artificium
754 1668 855 1734 meum
871 1674 925 1734 diis
940 1675 1048 1752 gratias
1064 1675 1154 1754 ago'·
1201 1738 1204 1746 ‚

199 1767 338 1839 coeperat
353 1760 487 1839 Ascyltos
508 1759 690 1839 respondere
705 1759 845 1831 convicio,
867 1759 920 1820 sed
935 1759 1113 1821 Trimalchio
1128 1761 1180 1822 de·
1194 1763 1235 1824 59

111 1845 239 1908 lectatus
255 1844 400 1906 colliberti
416 1845 584 1924 eloquentia
601 1844 695 1924 ‘agite’
718 1844 817 1925 inquit
837 1844 1003 1906 ‘scordalias
1019 1846 1055 1906 de
1072 1847 1180 1907 medio.

66 1938 94 1986 ro
111 1931 244 1992 suaviter
260 1929 300 1990 sit
313 1930 423 2010 potius,
440 1937 470 1990 et
484 1938 527 2001 tu,
548 1931 718 2000 Hermeros,
739 1947 826 2010 parce
847 1929 1080 1992 adulescentulo.
1111 1950 1181 1992 san-

58 2027 191 2096 unguen
207 2015 248 2076 illi
262 2015 365 2086 fervet,
381 2024 414 2076 tu
430 2015 535 2076 melior
547 2024 621 2078 esto.
640 2013 644 2097 l
667 2033 786 2096 semper
806 2015 839 2076 in
858 2017 962 2077 haere
977 2017 1028 2096 qui
1045 2016 1181 2088 vincitur,

76 2119 96 2169 ll
112 2101 215 2163 vincit.
236 2098 240 2182 l
262 2108 292 2162 et
306 2108 341 2162 tu
356 2119 423 2162 cum
439 2119 520 2162 esses
537 2119 619 2182 capo,
632 2119 784 2174 cocococo,
800 2109 887 2182 atquc
903 2120 954 2163 cor
966 2121 1029 2162 non
1041 2101 1181 2164 habebas

41 2249 43 2262 ,
109 2187 208 2249 simus
224 2204 303 2264 ergo,
326 2187 405 2267 quod
426 2185 530 2248 melius
546 2195 599 2259 cst,
625 2206 641 2248 a
662 2186 801 2266 primitiis
820 2186 927 2247 hilares
949 2194 979 2248 et
998 2187 1182 2250 Homeristas

110 2269 301 2352 spectemus!
345 2271 466 2333 intravit
481 2271 569 2333 factio
595 2272 693 2335 statim
714 2271 868 2351 hastisque
890 2275 974 2333 scuta
998 2273 1180 2354 concrepuit.

66 2369 93 2418 ιι
110 2359 174 2440 ipse
189 2356 370 2418 Trimalchio
385 2356 417 2418 in
432 2357 554 2436 pulvino
571 2358 716 2428 consedit,
730 2364 760 2440 et
775 2375 843 2418 curn
859 2357 1045 2420 Homeristae
1062 2359 1181 2420 Graecis

110 2441 249 2506 versibus
271 2443 527 2523 colloquerentur,
549 2443 767 2504 ut'insolenter
786 2443 893 2514 solent,
915 2443 962 2505 ille
984 2461 1092 2504 canora
1111 2463 1182 2505 voce

110 2529 218 2590 Latine
233 2526 348 2608 legebat
363 2526 480 2590 librum.
511 2547 582 2588 mox
597 2527 715 2589 silentio
736 2526 814 2588 facto
838 2527 940 2589 ‘scitis'
963 2529 1180 2608 inquit‘quam

112 2615 242 2676 sahulem
263 2611 372 2692 agant?
415 2613 572 2675 Diomedes
593 2622 622 2674 et
637 2613 823 2692 Ganymedes
843 2613 910 2681 duo¹
925 2614 1031 2674 fratres
1048 2617 1180 2673 fuerunt.

112 2701 223 2762 horum
238 2717 325 2760 soror
338 2705 401 2760 erat
416 2699 538 2760 Helena.
583 2700 789 2778 Agamemnon
803 2697 881 2759 illam
903 2698 1001 2778 rapuit
1023 2707 1052 2759 et
1072 2697 1182 2760 Dianae

67 2801 94 2850 to
111 2803 231 2848 cervam
247 2782 381 2846 subiecit.
426 2785 466 2846 ita
482 2801 565 2846 nunc
579 2783 726 2846 Homeros
742 2783 820 2857 dicit,
838 2784 1089 2864 quemadmodum
1104 2783 1182 2846 inter

111 2891 143 2932 se
164 2876 301 2951 pugnent
316 2869 436 2930 Troiani
463 2877 492 2931 et
514 2869 676 2932 Parentini.
720 2869 789 2930 vicit
808 2870 920 2932 scilicet
940 2877 969 2930 et
990 2869 1181 2950 lphigeniam‚

110 2957 202 3018 dham
223 2967 317 3028 suam,
340 2955 444 3016 Achilli
466 2955 547 3016 dedit
567 2971 703 3018 uxorem.
748 2954 786 3016 oh
808 2973 874 3016 eam
893 2974 958 3016 rem
978 2956 1050 3016 Aiax
1062 2956 1183 3038 ⁸insanit

111 3051 141 3104 et
165 3040 269 3103 stetim
291 3049 499 3120 argumentum
523 3039 698 3121 explicabit.²
743 3041 816 3101 haec
838 3048 872 3101 ut
897 3040 969 3101 dixit
991 3040 1180 3114 Himalchio,

111 3129 274 3189 clamorem
289 3125 475 3189 Homeristae
490 3127 686 3199 sustulerunt,
702 3126 839 3204 interque
854 3125 994 3187 familiam
1011 3126 1180 3187 discurren-

68 3229 94 3278 ιι
110 3221 172 3276 tem
189 3211 301 3273 vitulus
315 3211 346 3272 in
362 3213 443 3274 lance
460 3212 580 3274 donaria
595 3212 689 3274 ehxus
705 3213 810 3274 allatus
825 3219 880 3284 est,
900 3211 1067 3290 etquidem
1083 3211 1180 3290 galea-

109 3307 170 3360 tus.
215 3305 336 3359 secutus
351 3306 396 3360 est
411 3299 482 3360 Aiax
495 3297 658 3379 strictoque
670 3298 774 3378 gladio,
787 3307 929 3378 tanquam
939 3295 1096 3367 insaniret,
1107 3315 1181 3358 con-

111 3384 192 3458 cidit,
215 3401 250 3444 ac
264 3383 353 3444 modo
368 3403 452 3446 versa
474 3384 564 3445 modo
586 3384 692 3466 supina
708 3384 898 3462 gesticulatus
921 3399 1065 3444 mucrone
1085 3383 1180 3444 frusta

111 3467 228 3549 collegit
245 3468 481 3550 mirantibusque
496 3469 623 3532 vitulum
638 3470 763 3552 partitus
779 3477 834 3530 est.

180 3705 196 3754 2
213 3705 272 3754 lina
286 3703 325 3770 113
342 3705 396 3756 scio
411 3703 449 3772 114
466 3705 565 3772 quidem
581 3707 666 3758 vohis.
685 3709 809 3772 aenigma
827 3710 985 3758 trochaicum
1001 3705 1032 3756 de
1049 3703 1110 3774 pede
1125 3704 1133 3773 ΙΙ
1150 3707 1176 3758 11

105 3776 228 3841 sortasse
239 3787 277 3836 es,
288 3773 374 3838 vplpis
386 3773 397 3836 ll
412 3773 443 3823 12
455 3781 514 3836 toga
532 3775 624 3842 ubique
638 3773 646 3843 ll
663 3775 693 3826 14
707 3776 775 3826 satin
787 3779 883 3828 conieci
892 3791 940 3843 pro
952 3783 1012 3825 sunt
1025 3773 1033 3842 ll
1048 3775 1079 3827 16
1094 3775 1181 3825 evadit

124 3841 132 3908 ll
146 3842 177 3894 31
192 3840 329 3892 Tarentini
341 3840 495 3906 Sedcffcrus
507 3841 516 3909 11
530 3843 562 3894 35
575 3844 681 3895 dnnaria
695 3842 704 3910 ll
718 3844 750 3894 36
768 3846 902 3896 turbatum
920 3843 1018 3908 aliquid
1035 3859 1088 3893 esse
1101 3845 1179 3892 ornis-

112 3926 170 3960 sum
182 3911 229 3961 doc
242 3909 295 3960 loco
307 3910 417 3961 vitulum
429 3914 477 3960 aut
488 3925 543 3960 eum
556 3911 713 3963 demonstrat
