2860 4340
235 159 276 225 82
698 155 852 209 rrraouu

319 316 365 376 bis
381 315 421 375 ita
443 311 596 386 ordinatis,
618 313 708 392 ‘quod
726 313 805 374 bene
826 311 1008 391 feliciterque
1030 308 1170 372 eveniret'
1190 312 1303 390 precati
1320 311 1342 364 L

236 403 306 463 deos
321 402 398 462 viam
413 398 606 478 ingredimur.
641 399 694 460 sed
709 417 807 478 neque
823 397 912 460 Giton
932 397 989 460 sub
1004 396 1126 458 insolito
1147 395 1228 459 fasce
1242 397 1301 460 du-

234 487 327 562 rabat,
343 495 372 548 01
388 485 613 547 mercennarius
629 483 733 559 Corax,
749 484 929 545 detrectator
943 482 1112 556 ministerii,
1128 482 1224 562 posita
1238 482 1302 544 fre-

163 583 167 591 '
234 573 377 654 quentins
403 571 518 633 sarcina
543 569 736 633 maledicebat
760 569 990 649 properantibus
1019 569 1247 649 affirmabatque
1268 589 1302 630 se

165 671 171 678 '
234 667 284 721 ant
299 660 502 739 proiecturum
519 657 649 719 sarcinas
664 663 715 718 aut
730 674 798 718 eum
821 674 912 718 onere
933 655 1108 735 fugiturum.
1135 654 1217 733 ‘quid
1237 654 1300 716 vos’
1321 664 1336 713 5

171 759 178 776 ⁸
234 744 333 826 inquit
348 746 525 808 ‘iumentum
540 761 589 805 me
603 742 715 822 putatis
732 760 796 803 esse
807 750 859 803 aut
869 741 1041 822 lapidariam
1053 737 1184 802 navem?
1199 740 1303 802 homi-

236 831 282 902 nis
298 849 403 910 operas
419 829 522 902 locavi,
538 847 600 891 non
615 827 727 890 cabaHi.
763 846 819 889 nec
833 827 933 890 minus
948 827 1024 890 liber
1041 845 1109 888 sum
1130 845 1221 906 quam
1237 847 1301 899 vos,

236 917 326 979 etiam
342 917 367 978 si
382 933 545 996 pauperem
561 921 644 993 pater
658 932 706 974 me
718 913 858 993 reliquit’.
892 931 947 975 nec
959 921 1119 975 contentus
1131 912 1300 974 maledictis

234 1002 357 1065 tollebat
371 1001 498 1064 subinde
519 1000 606 1062 altius
621 1000 729 1079 pedem
752 1006 782 1060 et
803 999 930 1079 strepitu
953 999 1082 1061 obsceno
1102 997 1191 1059 simul
1210 1004 1301 1079 atque

235 1088 327 1149 odore
341 1088 417 1150 viam
438 1084 590 1165 implebat.
629 1085 744 1148 ridebat
764 1085 982 1149 contumaciam
1002 1085 1092 1147 Giton
1116 1092 1147 1147 et
1165 1084 1301 1164 singulos
1321 1099 1352 1151 10
1425 1091 1426 1102 ³

235 1173 366 1254 crepitus
382 1173 447 1235 eius
462 1171 527 1252 pari
542 1173 670 1233 clamore
685 1170 919 1251 prosequebatur

764 1276 783 1312 11

166 1358 226 1421 118
317 1358 321 1441 f
342 1361 460 1422 ‘multos
474 1360 581 1440 [inquit
592 1360 766 1439 Eumolpus,
780 1361 806 1437 ο]
818 1360 941 1422 iuvenes
954 1377 1074 1422 carmen
1087 1357 1211 1438 decepit.
1228 1376 1301 1421 nam
1319 1367 1364 1422 LO
1425 1335 1426 1366 ³

216 1453 268 1508 ·ut
280 1447 404 1527 quisque
420 1464 536 1507 versum
553 1445 678 1524 pedibus
694 1445 833 1506 instruxit
842 1464 1025 1527 sensumque
1037 1445 1219 1507 teneriorem
1231 1464 1302 1507 ver-

234 1533 340 1594 borum
363 1531 478 1592 ambitu
498 1531 632 1605 intexuit,
656 1531 770 1610 putavit
786 1549 819 1592 se
838 1531 980 1592 continno
994 1532 1033 1600 ¹in
1055 1530 1228 1592 Heliconem
1248 1549 1302 1592 ve-

235 1617 327 1678 nisse.
367 1617 410 1678 sic
429 1617 598 1678 forensibus
617 1616 790 1678 ministeriis
812 1616 964 1679 exercitati
984 1617 1158 1698 frequenter
1175 1616 1211 1678 ad
1233 1635 1301 1678 car-
1321 1621 1354 1672 15

235 1703 324 1766 minis
340 1703 582 1784 tranquillitatem
598 1711 740 1783 tanquam
757 1702 793 1763 ad
809 1712 929 1781 portum
944 1702 1105 1764 feliciorem
1116 1703 1301 1780 refugerunt,

236 1789 392 1850 credentes
407 1788 521 1850 facilins
536 1807 643 1868 poema
660 1787 756 1850 extrui
767 1806 866 1867 posse,
880 1807 969 1868 qnam
981 1787 1214 1852 controversiam
1226 1805 1302 1848 sen-

234 1875 366 1935 tentiolis
383 1873 564 1935 vibrantibus
580 1875 699 1952 pictam.
733 1882 866 1935 ceterum
881 1891 979 1954 neque
994 1873 1165 1952 generosior
1175 1872 1300 1953 spiritus

235 1960 396 2021 vanitatem
413 1967 500 2033 amat,
516 1977 614 2038 neque
629 1959 786 2037 concipere
801 1966 851 2021 aut
868 1961 956 2021 edere
976 1968 1097 2040 partum
1121 1975 1206 2021 mens
1228 1967 1300 2039 pot-

235 2053 281 2106 est
298 2045 356 2105 nisi
375 2045 490 2124 ingenti
512 2044 636 2116 flumine
656 2043 808 2105 literarum
831 2044 985 2107 inundata.
1019 2045 1225 2125 refugiendum
1252 2050 1354 2104 00121

235 2130 272 2191 ab
288 2132 371 2191 omni
387 2129 554 2199 verborum,
581 2136 616 2190 ut
629 2129 670 2190 ita
686 2129 792 2202 dicam,
818 2130 929 2192 vilitate
952 2137 981 2191 et
996 2131 1160 2193 sumendae
1179 2149 1267 2191 voces
1283 2149 1301 2190 a

234 2215 320 2296 plebe
337 2221 528 2298 semotae‚‚ut
549 2215 600 2277 fiat
621 2214 689 2275 “odi
709 2215 868 2294 profanum
890 2216 993 2294 vulgus
1017 2225 1045 2277 et
1064 2215 1179 2278 arceo”.
1211 2211 1300 2295 prae·

234 2310 315 2364 terea
330 2301 497 2363 curandum
513 2307 568 2374 est,
584 2319 622 2361 ne
632 2300 798 2362 sententiae
810 2301 962 2363 emineant
974 2310 1054 2363 extra
1067 2319 1174 2382 corpus
1186 2301 1299 2364 oratio-

235 2387 282 2449 nis
310 2405 475 2468 expressae,
502 2386 554 2447 sed
577 2385 691 2448 intexto
713 2387 844 2448 restibus
867 2387 965 2449 colore
991 2388 1114 2449 niteant.
1148 2387 1298 2448 Homerus

233 2473 320 2534 testis
336 2480 365 2534 01
379 2473 462 2554 lyrici
476 2469 850 2553 Romanusque'llergilins
866 2481 896 2535 et
906 2472 1022 2535 Horatii
1033 2473 1150 2535 curiosa
1162 2471 1295 2534 felicitas.
1305 2483 1349 2533 15
1425 2547 1426 2564 ¹

235 2559 326 2620 ceteri
342 2560 423 2640 enim
439 2566 490 2621 aut
505 2575 568 2620 non
582 2559 719 2621 viderunt
734 2559 822 2631 riam,
846 2577 903 2639 qua
925 2559 1017 2621 iretur
1038 2560 1074 2621 ad
1095 2575 1225 2632 carmen,
1246 2566 1300 2620 aut
1425 2565 1426 2568 ’

234 2645 327 2707 visam
342 2645 509 2706 timuerunt
524 2645 646 2707 calcare.
679 2663 748 2706 0000
760 2643 830 2707 belli
845 2645 934 2706 civilis
950 2644 1056 2723 ingens
1072 2663 1147 2725 opus
1163 2644 1299 2725 quisquis

233 2731 372 2810 attigerit,
388 2731 446 2791 nisi
460 2732 567 2810 plenus
587 2730 690 2798 literis,
713 2730 769 2790 snb
792 2749 883 2792 onere
905 2730 1029 2792 labetur.
1063 2750 1126 2793 nou
1148 2730 1230 2791 enirn
1250 2749 1300 2790 res

231 2825 331 2896 gestae
346 2817 479 2877 versibus
491 2814 789 2895 comprehendendae
801 2823 881 2887 sunt,
896 2816 976 2896 quod
986 2817 1074 2895 longe
1086 2817 1190 2878 melius
1202 2815 1300 2877 bisto-

230 2901 285 2962 rici
299 2902 419 2973 faciunt,
436 2901 487 2962 sed
502 2920 557 2982 per
567 2901 705 2978 ambages
717 2901 901 2983 deorumque
913 2901 1075 2963 ministeria
1086 2909 1117 2964 01
1127 2901 1297 2964 fabulosum
1317 2913 1350 2964 30

233 2988 452 3049 sententiarum
474 2993 659 3050 tormentum
687 2987 925 3068 praecipitandus
948 2996 994 3049 est
1014 2988 1089 3049 liber
1107 2987 1244 3067 spiritus,
1266 2999 1300 3048 ut

232 3073 332 3152 potins
341 3073 468 3134 furentis
477 3072 569 3134 animi
585 3071 752 3133 vaticinatio
778 3081 918 3153 appareat
933 3093 1022 3153 qnam
1033 3073 1188 3153 religiosae
1203 3072 1299 3134 orati-

232 3158 298 3219 onis
315 3159 369 3220 sub
385 3157 511 3219 testibus
527 3158 617 3219 fides:
639 3165 782 3237 tanquam
797 3159 822 3220 si
836 3161 931 3239 placet
946 3160 993 3221 hic
1007 3159 1146 3240 impetus
1170 3159 1259 3221 etiam
1272 3158 1297 3219 si

232 3242 366 3306 nondum
382 3243 495 3323 recepit
509 3243 645 3305 ultimam
660 3243 793 3306 manum’

749 3351 768 3388 lt·

161 3436 221 3498 119
373 3434 487 3495 ‘orbem
502 3433 562 3494 iam
576 3437 673 3493 totum
690 3431 784 3492 victor
798 3429 949 3493 Romanus
965 3432 1100 3506 habebat,
1173 3414 1178 3425 ,

331 3536 388 3599 qua
404 3536 493 3593 mare,
509 3536 567 3598 qna
581 3524 689 3591 terrae,
706 3536 764 3597 qua
779 3516 861 3579 sidus
878 3517 970 3578 currit
984 3525 1157 3598 utrumque.

265 3710 294 3759 11
309 3711 431 3776 strepitus
444 3707 453 3777 i
468 3709 598 3762 1201011οο
611 3707 731 3759 nimirum
743 3720 843 3758 carmen
851 3703 989 3772 florilegio,
1001 3707 1085 3773 inquit
1093 3705 1233 3772 Eumolpus
1244 3720 1295 3757 mn.

228 3775 317 3844 11113
338 3780 465 3830 teneriore
485 3777 621 3829 Beruenses
633 3774 642 3844 11
657 3777 688 3826 16
706 3774 848 3826 faciliorem
861 3771 870 3841 ll
886 3775 916 3827 19
934 3775 1071 3828 sanitatem
1086 3781 1090 3841 Ι
1114 3775 1228 3842 conspici
1239 3774 1251 3840 ΙΙ
1263 3775 1297 3826 20

228 3845 383 3899 inundanter
395 3847 563 3911 effugiendum
576 3845 832 3910 (inundatafortaeae
843 3841 873 3905 L)
887 3841 896 3909 {l
909 3843 942 3894 22
955 3851 1093 3895 summotae
1107 3841 1116 3910 ΙΙ
1129 3845 1162 3896 24
1174 3842 1297 3898 versibus

228 3915 289 3966 fibri
295 3913 408 3983 plerique
419 3917 430 3982 Η
443 3917 474 3966 25
486 3916 602 3984 sortasse
613 3913 689 3965 testis
702 3920 741 3964 est
759 3918 784 3962 et
797 3909 851 3980 1126
870 3919 915 3963 aut
932 3925 1036 3964 versum
