2860 4340
628 84 769 138 sannen
1191 88 1232 150 99

103 247 148 300 ιο
164 241 288 306 brachia
308 261 375 306 mea
398 247 546 324 caputque
566 240 711 320 fregisset.
743 242 874 320 ingemui
901 259 954 320 ego
980 243 1084 324 utique
1109 250 1232 326 propter

163 329 416 409 mascarpionem‚
442 327 631 409 lacrimisque
665 327 794 389 ubertim
827 327 1016 392 manantibus
1040 329 1231 392 obscuratum

161 415 269 477 (lextra
285 423 375 496 caput
389 432 481 495 super
492 414 645 494 pulvinum
656 414 806 477 inclinavi.
837 434 893 476 nec
904 416 1004 477 minus
1016 413 1063 477 illa
1075 416 1146 478 lletu
1157 434 1230 478 con·

160 502 231 564 fusa
247 502 337 564 altera
352 509 434 580 parte
446 499 545 563 lectuli
565 500 642 562 sedit
657 500 822 581 aetatisque
837 500 942 580 longae
965 519 1080 563 moram
1096 501 1230 564 tremulis
1285 559 1289 571 ,

128 599 143 647 5
161 586 287 649 vocibus
303 587 400 666 coepit
415 604 562 658 accusare,
579 586 673 649 donec
687 585 851 648 intervenit
866 589 1015 650 sacerdos.

252 673 332 751 ‘quid
349 671 410 735 vos'
425 671 523 752 inquit
538 671 579 733 ‘in
594 672 697 735 cellam
713 691 809 736 meam
827 681 967 753 tanquam
990 673 1027 734 ad
1046 691 1152 736 recens
1172 672 1231 738 bu-

128 767 243 824 ostum
260 755 403 820 venetis?
424 756 428 840 Ι
445 759 549 838 utique
561 757 770 831 balenarum,
786 777 846 839 quo
862 759 950 858 etiam
963 760 1100 836 lugentes
1115 757 1231 822 rideut'.

103 909 166 993 ιοΙ
187 908 225 972 ‘o'
253 910 351 992 inquit
376 910 549 983 ‘Oenothea
569 909 651 974 huuc
670 910 890 974 adulescentem
917 930 1008 992 quem
1029 911 1126 975 vides:
1153 912 1232 975 malo

161 1006 244 1059 astro
261 1006 349 1060 natus
362 1003 421 1072 est3
436 1014 505 1058 nam
520 1014 620 1077 neque
634 1015 728 1076 puero
744 1015 842 1077 neque
857 997 971 1078 puellae
990 997 1068 1060 bona
1088 1016 1142 1060 sua
1158 1017 1232 1060 ven-

95 1088 152 1143 Ltu
163 1084 238 1146 dere
253 1091 361 1163 potest.
381 1077 386 1166 Ι
406 1101 559 1164 nunqnam
575 1091 610 1143 tu
626 1082 779 1162 hominem
797 1091 860 1146 tam
880 1083 1028 1164 intelicem
1043 1082 1157 1146 vidisti:
1187 1085 1231 1146 lo-
1327 1087 1330 1092 “

103 1169 382 1250 torminaque,
403 1186 467 1230 non
481 1168 601 1248 inguina
623 1168 723 1230 habet.
743 1165 747 1248 Ι
768 1169 805 1230 ad
826 1187 984 1240 summam,
1007 1171 1123 1250 qualem
1145 1177 1231 1250 putas

125 1261 241 1330 nesse,
270 1255 372 1336 quide
393 1254 490 1318 Circes
512 1263 578 1316 toro
599 1253 665 1318 sine
686 1252 1007 1335 voluputesurrexitt'
1030 1253 1034 1337 Ι
1052 1255 1098 1316 his
1126 1255 1232 1318 auditis

163 1341 321 1403 Oenothea
328 1341 408 1401 inter
421 1349 583 1419 utrumque
595 1339 879 1421 conseditmotoqne
890 1340 1002 1411 diutius
1015 1341 1110 1422 capite
1122 1341 1231 1404 ‘istum'

162 1427 268 1509 inquit
285 1427 433 1488 ‘morbum
448 1426 509 1488 sola
526 1445 593 1488 snm
606 1444 682 1506 quae
699 1426 860 1488 emendare
875 1426 947 1489 scio.
982 1436 1012 1488 et
1033 1445 1072 1490 ne
1086 1447 1130 1491 otc
1145 1436 1233 1508 pute·

119 1521 145 1570 15
161 1514 200 1574 tis
215 1513 358 1593 perplexe
373 1529 468 1592 agere,
484 1529 556 1592 rogo
572 1521 605 1572 ut
619 1512 858 1574 adulescentulus
871 1531 989 1576 mecum
1003 1522 1091 1575 nocte
1105 1513 1233 1576 dormiat

160 1665 221 1728 nisi
237 1665 310 1728 illud
326 1672 388 1726 mm
402 1663 530 1742 rigidum
542 1663 699 1726 reddidero
715 1681 927 1744 quamcornu:

105 1757 145 1812 lo
242 1748 246 1832 Ι
266 1750 406 1830 quicquid
420 1750 453 1811 in
468 1751 540 1813 orbe
556 1750 646 1822 vides,
663 1757 748 1828 paret
763 1747 843 1811 mihi.
867 1749 971 1812 florida
985 1750 1082 1830 tellus,

265 1855 334 1898 cum
349 1837 424 1910 volo,
442 1835 557 1897 siccatis
572 1835 680 1896 arescit
694 1835 830 1913 languida
846 1835 933 1909 sucis,

265 1941 334 1983 cnm
349 1923 423 1994 volo,
439 1921 537 1984 fundit
552 1939 623 2000 opes
639 1921 812 2002 scopulique
827 1930 917 2000 atque
929 1921 1049 1984 horrida
1064 1940 1131 1984 saxa

114 2017 147 2070 tu
265 2008 390 2070 Niliacas
405 2008 570 2070 iaculantur
585 2026 684 2087 aquas.
708 2007 781 2068 mihi
796 1999 906 2088 ponitus
917 2007 1031 2071 inertes

264 2092 415 2156 submittit
430 2095 547 2167 fluctus,
563 2093 743 2174 zephyrique
757 2094 885 2156 tacentia
899 2103 1018 2174 ponunt

265 2188 334 2242 ante
350 2198 432 2241 meos
447 2198 501 2242 sua
516 2180 605 2242 flabra
621 2180 722 2259 pedes.
745 2179 818 2242 mihi
833 2181 956 2243 flumina
971 2187 1076 2262 parent

265 2263 474 2346 Hyrcanaeque
489 2266 580 2346 tigres
597 2273 626 2326 et
640 2265 714 2326 iussi
729 2272 809 2327 stare
824 2267 977 2329 dracones

265 2352 336 2432 qnid
351 2352 461 2414 leviora
475 2348 604 2432 loquor?
620 2352 709 2414 lunae
724 2350 879 2414 descendit
893 2351 991 2432 imago
1040 2363 1045 2373 “

265 2437 586 2513 carminibusdeducta
603 2436 684 2508 meis,
700 2436 894 2517 trepidusque
909 2438 1046 2500 furentes

264 2524 383 2586 flectere
399 2522 537 2586 Phoeb'us
553 2541 645 2603 equos
660 2523 793 2585 revoluto
809 2523 924 2603 cogitur
936 2523 1015 2585 urhe.

264 2618 379 2671 tentum
395 2609 473 2672 dicta
488 2609 596 2670 valent.
630 2615 784 2670 taurorum
799 2610 917 2673 flamma
932 2607 1058 2689 quiescit

263 2695 402 2774 virgineis
418 2695 544 2758 extincta
560 2694 662 2763 sacris,
677 2692 825 2756 Phoebeia
842 2695 923 2758 Circe

265 2781 445 2846 carminibus
461 2781 582 2861 magicis
597 2779 693 2844 socios
710 2779 834 2842 mutauit
850 2780 948 2854 Vlixis,

265 2867 391 2929 Proteus
408 2887 472 2929 esse
488 2869 572 2940 solet,
589 2865 730 2947 quicquid
745 2865 828 2929 libet.
850 2867 897 2928 his
914 2885 968 2946 ego
984 2865 1093 2928 callens

265 2953 377 3015 artibus
392 2953 495 3016 ldaeos
509 2953 632 3015 frutices
649 2952 680 3013 in
695 2951 810 3032 gurgite
825 2953 928 3014 sistam

265 3047 295 3100 et
305 3057 409 3101 rursus
425 3039 530 3100 fluvios
545 3039 577 3100 in
592 3055 711 3100 summo
727 3039 836 3100 vertice
851 3037 981 3119 ponam’

248 3123 385 3188 inhorrui
400 3143 454 3204 ego
469 3132 531 3186 tam
546 3124 678 3186 fabulosa
692 3123 903 3202 pollicitatione
915 3124 1103 3196 conterritus,
1121 3140 1227 3184 anum·
1237 3123 1298 3184 135

163 3229 222 3291 que
238 3211 384 3291 inspicere
400 3208 571 3290 diligentius
586 3209 669 3290 coepi
1330 3235 1332 3242 ·

111 3369 143 3418 35
163 3350 253 3431 ‘ergo'
270 3339 411 3412 exclamat
426 3348 579 3411 Oenothea
596 3347 731 3430 ‘imperio
747 3347 858 3429 parete’

233 3576 486 3646 inustoprationcru
499 3576 707 3642 Iuragmmannus
720 3573 728 3642 ΙΙ
742 3575 757 3626 3
769 3575 890 3641 puluinar
898 3573 1012 3641 plerique
1024 3571 1033 3640 ΙΙ
1047 3573 1062 3622 6
1079 3575 1120 3636 uel]
1137 3581 1196 3624 anta
1209 3572 1218 3641 ΙΙ

165 3648 364 3716 Spruemiaeum
375 3647 402 3696 iu
414 3643 435 3696 L
447 3645 598 3696 Proselenos
611 3645 642 3696 ad
655 3643 801 3696 Oenotheam
815 3643 970 3694 sacerdotem
977 3641 1062 3708 Priapi
1077 3641 1082 3710 Ι
1096 3641 1231 3693 mattenh-

164 3717 223 3770 levu
235 3717 274 3768 val
284 3715 368 3767 anule
379 3715 482 3766 vebum
495 3713 503 3780 ΙΙ
520 3715 550 3764 14
561 3715 674 3784 fortasse
686 3713 808 3764 medicari
845 3713 875 3764 15
889 3711 1096 3763 adulescentulus
1109 3719 1167 3762 tuus
1180 3727 1231 3761 mc·

165 3802 221 3837 enm
231 3786 340 3837 dormiat
348 3785 373 3834 ni
383 3783 455 3834 illum
466 3781 646 3848 Scatgermms
659 3779 668 3848 ΙΙ
683 3782 714 3832 18
724 3781 842 3848 spissatus
856 3780 875 3831 0
888 3780 897 3849 ΙΙ
911 3781 942 3831 23
953 3778 1074 3844 Ιοοηοῌ,
1086 3777 1095 3848 Ι
1109 3780 1142 3830 28
1151 3778 1231 3830 Phoe·

164 3853 281 3921 beaqoeL
294 3851 303 3921 ΙΙ
317 3853 350 3904 30
363 3854 433 3903 valet
446 3849 564 3904 Webb'ue
576 3849 586 3918 ΙΙ
600 3851 630 3902 31
644 3849 710 3904 etat
717 3851 836 3916 sortasse
847 3849 948 3915 gurgite
962 3849 1032 3916 ponti
1044 3853 1067 3900 et
1080 3850 1166 3900 sistam

1017 3937 1053 3989 7*
