2860 4340
244 71 302 136 108
692 69 848 124 rnrnouu

751 225 775 286 V
1295 243 1300 252 .

321 331 486 394 Priscianus
499 327 711 410 {institutionum
735 327 865 392 111111
882 350 912 410 p.
933 329 995 392 381
1019 340 1045 391 et
1061 328 1106 391 XI
1122 329 1164 392 29
1182 352 1212 410 p.
1236 332 1302 393 567

119 438 122 444 ’
236 417 347 479 Hertzii
369 421 444 478 inter
468 418 600 497 eaempla
626 417 727 496 pallas
753 418 952 496 deponentium
978 417 1130 478 verboram
1147 421 1303 497 participio

234 507 385 582 praeteriti
403 507 535 583 temporis
546 506 690 583 passivam
705 503 937 582 sanctificationem
958 501 1061 564 labere
1080 502 1223 563 declarat:
1244 503 1303 564 Pe-

237 588 355 650 tronius
372 587 510 649 ‘animam
525 596 628 649 nostro
644 587 807 667 amplexam
822 588 951 668 pectore'

299 687 420 753 sornlan
431 679 552 752 fueritin
564 687 715 736 hexametro
727 692 865 751 nostraque
877 687 1017 752 amplexam
1030 691 1131 751 pectora

734 805 794 868 vl*

322 911 489 990 Fnlpentins
503 912 710 992 mytholopicon
724 910 742 972 1
750 931 779 992 p.
794 909 838 973 23
848 911 1001 973 1111111111·
1005 931 1012 971 :
1028 913 1146 974 nescis.
1165 960 1171 975 .
1186 959 1192 973 .
1207 935 1296 994 quan·

237 1005 301 1058 tum
323 1005 450 1077 satyram
471 1005 623 1058 matronae
644 997 815 1059 formident.
833 993 921 1059 'licet
942 999 1101 1059 mulierum
1122 999 1299 1062 verbialibus

238 1083 326 1145 undis
343 1091 370 1144 et
387 1083 525 1144 causidici
542 1085 649 1146 cedant
663 1101 720 1145 nec
732 1083 913 1162 grammatici
927 1085 1075 1155 muniant,
1091 1086 1196 1146 rhetor
1207 1096 1303 1148 taceat
1409 1143 1410 1146 ,

238 1176 268 1229 et
283 1170 442 1230 clamorem
458 1189 565 1249 praeco
582 1178 759 1249 compescat,
786 1170 849 1230 sola
871 1177 917 1230 est
932 1189 1006 1250 quae
1028 1170 1150 1234 modum
1172 1171 1302 1252 imponit

236 1253 412 1326 furentibus,
429 1254 497 1316 lieet
512 1254 689 1316 Petroniana
705 1254 792 1316 subet
807 1255 927 1318 Albucia

790 1410 805 1443 a

322 1414 870 1596 111911111111911111911111111811.
891 1514 955 1576 rat
975 1515 1027 1576 nli
1046 1535 1144 1576 snonm
1165 1519 1304 1595 myrrhae

237 1601 319 1664 ualde
334 1601 478 1682 femellam
493 1621 552 1664 esse
567 1601 655 1664 dc‘ait:
672 1602 751 1662 unde
766 1610 795 1663 et
810 1601 970 1664 Petronius
984 1598 1102 1661 Arbiter
1118 1602 1152 1662 ad
1170 1600 1305 1665 libidinis
1409 1631 1410 1660 t

239 1689 492 1751 concitamentum
508 1687 694 1768 myrrhinum
711 1708 743 1750 se
759 1689 898 1768 poculum
913 1687 1022 1748 bibisse
1037 1687 1134 1748 refert

303 1791 339 1856 ef.
351 1789 470 1841 adnotata
476 1806 502 1858 p.
518 1791 556 1854 14,
571 1789 585 1840 8

723 1911 809 1974 vin*

322 2018 489 2100 Palpentias
511 2022 542 2078 in
557 2021 730 2098 emporiticae
750 2017 923 2097 Virgilianae
942 2021 1129 2080 continentiae
1148 2038 1177 2098 p.
1199 2019 1266 2082 156
1276 2040 1304 2081 s:

236 2105 401 2166 Tricerberi
415 2109 515 2164 autem
531 2103 657 2166 fabulam
681 2103 739 2162 iam
755 2103 889 2182 superius
912 2103 1101 2182 exposuimus
1121 2103 1152 2162 in
1176 2106 1301 2167 modum

236 2191 324 2272 iurgii
339 2189 528 2269 forensisque
543 2189 629 2268 litigii
644 2188 780 2268 positam.
812 2177 891 2250 unde
907 2196 937 2248 et
951 2188 1111 2250 Petronius
1123 2189 1154 2250 in
1171 2190 1303 2252 Euscion

236 2279 277 2339 ait
292 2277 448 2340 ‘Cerberus
464 2275 591 2337 forensis
607 2282 669 2335 erat
684 2272 857 2336 causidicus’

714 2429 813 2493 Vllll*
888 2491 897 2542 ς

321 2538 486 2620 Fnlpentius
499 2541 530 2598 in
543 2540 715 2617 repositione
732 2553 896 2598 sermonum
912 2539 1094 2616 antiquaram
1105 2555 1135 2616 p.
1148 2535 1212 2600 565
1223 2538 1302 2600 Mer-

237 2629 309 2687 ceri:
324 2624 468 2686 ferculum
485 2623 592 2683 dieitur
608 2623 715 2683 missus
731 2622 874 2683 carnium.
905 2622 984 2682 unde
1008 2631 1038 2682 et
1061 2623 1221 2684 Petronius
1244 2625 1301 2684 111-

200 2731 202 2736 ’
237 2710 313 2772 biter
328 2712 367 2771 ait
383 2715 550 2790 ‘postquam
567 2707 712 2769 ferculum
725 2708 844 2769 allatum
860 2705 912 2767 est'

742 2845 790 2906 x*
803 2888 805 2893 .

323 2952 489 3033 Palpentins
503 2949 607 3012 ililern
618 2969 648 3030 p.
665 2949 728 3012 565
742 2967 772 3010 s:
787 2949 879 3028 valgia
891 2969 959 3010 vero
976 2958 1047 3011 sunt
1058 2949 1232 3012 labellorum
1245 2951 1299 3012 ob-

237 3039 383 3101 tortiones
398 3039 431 3098 in
447 3036 632 3116 supinatione
651 3039 753 3098 iactae.
784 3035 861 3098 sicut
881 3045 909 3096 et
928 3035 1087 3096 Petronius
1110 3036 1149 3097 ait
1170 3036 1299 3098 ‘obtorto

238 3126 360 3204 valgiter
374 3123 485 3186 labello’

732 3277 798 3357 *xi*

323 3385 489 3467 Fnlpentins
503 3383 605 3445 ilirlcm
615 3402 646 3463 p.
663 3381 727 3446 566
733 3401 741 3442 :
764 3382 911 3444 alucinare
931 3381 1039 3444 dicitur
1056 3400 1128 3443 vana
1147 3383 1299 3453 somniari,
1409 3439 1410 3456 ,

238 3480 366 3534 tractum
383 3470 419 3533 ab
435 3469 558 3542 alucitis‚
574 3487 648 3550 quos
664 3487 719 3529 nas
735 3485 861 3549 conopas
878 3466 1012 3529 dicimus.
1058 3467 1134 3529 sicut
1150 3476 1180 3528 et
1194 3468 1299 3530 Petra·
1409 3475 1410 3480 ’

239 3559 306 3621 nius
321 3557 440 3620 Arbiter
455 3555 495 3617 ait
510 3563 589 3616 ‘nani
606 3554 851 3616 contubernalem
868 3551 992 3615 alucitae
1008 3552 1213 3615 molestabant’

730 3709 803 3774 xil*

324 3815 490 3896 Fnlpentins
504 3816 604 3877 ibidem
623 3815 752 3895 115671
779 3815 936 3876 manubiae
959 3815 1099 3876 dicuntur
1121 3822 1297 3876 ornamenta
