2864 4344
191 91 245 187 8«,
291 107 295 116 ¹
639 96 792 152 rnrnonn

191 255 359 318 meretrices
375 254 476 316 lurtim
492 255 659 334 spatiantes.
690 256 782 330 tarde,
799 256 890 318 immo
904 256 962 316 iam
978 275 1044 318 sero
1057 253 1185 317 intellexi
1198 276 1247 318 me
1263 260 1309 312 Lo

189 342 222 403 in
235 339 381 403 fornicem
397 357 460 402 esse
476 340 645 402 deductum.
675 351 827 404 execratus
848 341 948 422 itaque
970 340 1102 404 aniculae
1123 341 1246 404 insidias

191 426 294 508 operui
315 435 402 506 caput
424 435 453 487 et
473 443 527 505 per
549 427 679 489 medium
696 428 821 507 lupanar
841 427 943 508 lugere
965 427 1047 508 coepi
1069 426 1100 489 in
1124 427 1248 490 alteram

190 522 314 594 partem,
338 530 406 574 cum
421 530 489 573 ecce
505 511 615 592 inipso
638 513 719 576 aditu
741 512 868 575 occurrit
889 512 962 575 mihi
984 532 1077 594 acque
1099 514 1191 576 lassus
1214 533 1249 576 ac

192 596 321 661 moriens
343 597 489 676 Ascyltos3
527 607 647 678 putares
670 599 706 660 ab
729 598 831 660 eadem
857 598 970 661 anicula
992 618 1056 661 esse
1079 599 1285 662 deductum.5

191 684 291 764 itaque
306 692 338 744 ut
353 681 451 745 ridens
467 701 537 744 eum
551 684 740 758 consalutari,
763 683 835 765 quid
853 685 885 746 in
900 685 964 747 loco
978 691 1040 748 tam
1062 683 1187 746 deformi
1201 684 1248 746 fa-

105 837 107 848 ,
160 768 271 832 8ceret
286 767 423 850 quaesivi.
452 769 591 831 sudorem
605 770 653 832 ille
665 769 801 832 manibus
813 770 937 833 detersit
948 779 978 832 et
990 769 1023 832 ‘si
1035 769 1135 833 scires'
1150 770 1249 851 inquit

193 854 364 936 ‘quaemihi
379 853 565 916 acciderunt'.
597 855 678 936 ‘quid
693 855 770 917 novi'
784 855 907 936 inquam
923 852 1021 934 ‘egoi'
1040 864 1070 917 at
1084 855 1132 919 ille
1147 856 1248 918 deiici-

193 961 245 1003 ens
261 945 337 1003 ‘cum
354 939 491 1002 errarem’
508 939 607 1021 inquit
629 947 692 1022 ‘per
712 949 805 1002 totam
828 941 973 1004 civitatem
997 959 1055 1004 nec
1072 941 1247 1016 invenirem,

192 1047 251 1107 quo
266 1028 329 1089 loco
345 1026 493 1089 stabulum
508 1026 701 1106 reliquissem,
724 1028 846 1089 accessit
864 1028 900 1089 ad
915 1047 963 1088 me
978 1036 1062 1107 pater
1075 1027 1203 1089 familiae
1218 1036 1249 1090 et
1270 1033 1303 1086 10
1370 1047 1375 1056 ·

193 1114 297 1175 ducem
312 1131 344 1174 sc
359 1111 473 1174 itineris
487 1111 699 1174 humanissime
720 1112 863 1192 promisit.
893 1130 948 1193 per
969 1113 1119 1176 anfractus
1142 1112 1250 1174 deinde

193 1197 415 1261 obscurissimos
431 1214 566 1277 egressus
587 1197 619 1258 in
635 1197 715 1260 bunc
736 1198 834 1260 locum
856 1217 905 1260 me
919 1198 1055 1280 perduxit
1075 1197 1250 1279 prolatoque

191 1282 305 1364 peculio
321 1282 418 1362 coepit
432 1300 536 1361 rogare
550 1290 696 1363 stuprum.
720 1280 725 1364 l
756 1283 815 1345 iam
830 1303 885 1364 pro
908 1284 979 1347 cella
997 1283 1139 1346 meretrix
1153 1302 1251 1346 assem
1268 1303 1292 1355 1,

193 1376 336 1448 exegerat,
355 1364 361 1450 l
380 1368 439 1429 iam
453 1367 502 1429 ille
513 1367 587 1430 mihi
602 1368 741 1432 iniecerat
756 1386 888 1444 manum,
904 1378 934 1432 et
947 1369 1005 1432 nisi
1019 1369 1163 1432 valentior
1176 1370 1251 1433 fuis-
1263 1389 1310 1441 Lo

193 1473 265 1528 sem,
281 1453 429 1516 dedissem
445 1469 556 1534 poenas
1267 1476 1299 1529 15

705 1565 724 1600 κ
808 1533 820 1562 0

186 1673 195 1686 .
273 1623 370 1708 ladeo
386 1623 496 1706 ubique
508 1641 615 1688 omnes
631 1625 704 1687 mihi
720 1626 894 1689 videbantur
908 1623 1039 1708 satyrion
1053 1624 1163 1690 bibisse
1270 1622 1293 1686 'L

706 1735 726 1772 ll

277 1795 385 1860 iunctis
400 1795 512 1859 viribus
527 1797 687 1860 molestum
703 1797 936 1878 contempsimus

407 1908 410 1922 ¹
707 1907 727 1944 ‘li-

158 1974 178 2034 9
279 1967 363 2050 quasi
379 1985 434 2048 per
448 1967 601 2046 caliginem
615 1968 673 2030 vidi
690 1969 795 2032 Gitona
815 1967 849 2030 in
864 1968 1015 2050 crepidine
1029 1967 1152 2031 semitae
1167 1977 1251 2030 stau·

194 2064 255 2120 tem
272 2054 347 2117 etin
363 2053 491 2129 eundem
506 2053 603 2116 locum
617 2074 664 2117 me
680 2054 802 2117 conieci.

280 2243 347 2288 cum
360 2241 532 2306 quaererem
543 2225 688 2306 numquid
700 2225 785 2288 uobis
795 2223 827 2287 in
842 2223 1000 2306 prandium
1018 2221 1135 2308 [irater]
1152 2243 1254 2306 paras·
1273 2240 1307 2290 20

196 2321 250 2388 set,
275 2311 410 2375 consedit
429 2329 503 2392 puer
523 2312 741 2392 superlectum
763 2319 793 2374 et
817 2319 973 2375 manantes
993 2311 1128 2373 lacrimas
1149 2311 1255 2394 pollice
1332 2311 1336 2320 “

195 2400 323 2464 extersit.
350 2396 538 2478 perturbatus
550 2415 604 2476 ego
615 2396 718 2460 habitu
730 2397 837 2471 fratris,
850 2396 922 2478 quid
935 2395 1099 2470 accidisset,
1111 2397 1253 2478 quaesivi.

195 2496 224 2551 at
245 2486 294 2548 illc
314 2483 399 2546 tarde
426 2484 590 2564 quidemst
611 2483 730 2558 invitus,
753 2484 806 2546 sed
826 2489 985 2564 postquam
1004 2483 1142 2563 precibus
1165 2483 1254 2546 etiam

195 2571 375 2636 iracundiam
388 2569 501 2641 miscui,
519 2568 609 2632 ‘tuus'
620 2569 718 2650 inquit
730 2571 795 2632 ‘iste
806 2569 898 2632 frater
909 2587 962 2631 seu
974 2588 1073 2632 eomes
1083 2567 1171 2650 paulo
1184 2578 1255 2632 ante

194 2660 226 2722 in
248 2658 427 2721 conductum
450 2655 614 2718 accucurrit
636 2657 791 2737 coepitque
804 2655 876 2717 mihi
901 2655 973 2717 velle
989 2655 1135 2735 pudorem
1155 2664 1254 2718 extor-
1273 2670 1306 2723 25
1351 2657 1354 2664 ’

196 2754 296 2826 quere.
315 2740 319 2824 l
341 2759 409 2803 cum
425 2757 478 2819 ego
494 2742 719 2820 proclamarem,
736 2739 864 2820 gladium
880 2739 998 2803 strinxit
1012 2749 1043 2803 et
1056 2741 1104 2803 “si
1118 2741 1254 2804 Lucretia
1267 2757 1311 2810 Lo

196 2829 245 2893 es¹'
260 2828 358 2908 inquit
373 2826 586 2906 “Tarquinium
601 2825 770 2888 invenisti.”

183 2937 187 2948 ·
276 2912 280 2998 Ι
301 2912 407 2994 quibus
429 2929 481 2992 ego
505 2911 609 2974 auditis
630 2911 772 2974 intentavi
798 2911 829 2973 in
851 2911 949 2974 oculos
969 2911 1078 2992 Ascylti
1099 2929 1205 2975 manus
1226 2921 1295 2982 ets

196 3000 279 3083 ‘quid
295 2997 376 3061 dicis’
392 2997 513 3077 inquam
530 2996 691 3060 ‘muliebris
705 2996 866 3077 patientiae
881 3004 1021 3076 scortum,
1038 2997 1122 3060 cuius
1138 3016 1175 3062 ne
1191 2999 1255 3080 spi-

195 3087 270 3150 ritus
293 3084 403 3167 quidem
422 3100 516 3164 purus
539 3080 613 3145 esti'
642 3082 845 3145 inhorrescere
867 3101 899 3144 se
919 3082 1005 3144 finxit
1024 3084 1164 3164 Ascyltos,
1186 3103 1256 3147 mox
1274 3102 1307 3152 30

196 3172 321 3236 sublatis
335 3169 441 3232 lortius
457 3168 594 3231 manibus
608 3169 696 3249 louge
710 3169 822 3233 maiore
837 3168 905 3231 nisu
920 3169 1068 3231 clamarit:
1085 3176 1156 3232 ‘non
1167 3169 1255 3232 taces’

196 3254 457 3339 inquit‘gladiatcr
468 3252 604 3329 obscene,
620 3273 708 3336 quem
722 3256 758 3317 de
783 3278 802 3313 s
816 3254 903 3316 ruina
918 3255 1026 3318 herena
1043 3251 1178 3318 dimisit?
1193 3274 1255 3318 non

197 3355 287 3416 taces,
302 3349 448 3404 nocturne
464 3357 630 3419 percussor,
646 3341 697 3422 qui
712 3361 750 3404 ne
765 3347 830 3402 tum
846 3340 976 3421 quidem,
995 3359 1063 3404 cum
1077 3341 1194 3404 fortiter
1208 3342 1254 3404 fa-

199 3447 291 3503 ceres,
308 3447 377 3491 cum
390 3442 464 3506 pnra
478 3427 605 3490 muliere
617 3426 765 3508 pugnasti,
789 3426 872 3488 cuius
888 3425 991 3488 eadem
1006 3427 1167 3489 rationein
1182 3427 1255 3491 viri-

199 3516 280 3578 dario
302 3515 394 3577 frater
409 3510 461 3584 lui,
484 3530 541 3592 qua
557 3513 683 3576 nuncin
699 3512 958 3592 deversoriopuer
979 3510 1057 3574 estr'
1079 3512 1253 3577 ‘subduxisti
1272 3532 1305 3583 35

146 3600 185 3662 10
197 3601 235 3666 te'
247 3602 369 3682 iuquam
380 3605 406 3660 ‘a
416 3598 613 3680 praeceptoris
626 3597 789 3679 colloquio'
809 3597 888 3679 ‘quid
899 3615 962 3676 ego,
973 3599 1255 3676 homostultissime‚

269 3819 280 3869 l
295 3813 481 3880 compatientes
494 3813 554 3865 libri
565 3813 678 3882 plerique
690 3811 700 3880 ΙΙ
715 3811 745 3866 12
763 3811 915 3881 produxitL
928 3810 937 3880 ll
949 3813 983 3874 22
1000 3811 1128 3879 expressit
1141 3809 1150 3879 ss
1161 3812 1196 3866 24
1207 3825 1255 3864 ¹stur

199 3899 283 3937 comes
294 3887 410 3952 suspecto
421 3881 431 3950 ΙΙ
444 3883 476 3934 36
489 3882 572 3948 inquit
