2864 4344
196 101 237 162 40
652 93 806 148 rnraorvu

146 263 185 325 63
283 252 417 314 attonitis
434 249 630 314 admiratione
647 249 794 313 universis
810 250 908 313 ‘salvo'
926 251 1030 332 inquit
1046 259 1109 314 ‘tuo
1124 255 1277 316 sermone’
1297 263 1323 314 H

198 338 378 402 Trimalchio
394 337 430 398 ‘si
445 356 503 418 qna
517 337 591 398 fides
603 345 658 410 est,
674 345 707 398 ut
722 336 795 398 mihi
808 337 860 416 pili
878 337 1107 412 inhorruerunt,
1123 339 1191 418 quia
1212 340 1276 402 scio

197 426 375 487 Niceronem
390 423 464 484 nihil
478 439 624 501 nugarum
639 439 778 484 narrare:
803 422 897 484 immo
919 430 1018 485 certus
1035 432 1081 484 est
1103 433 1132 485 et
1147 424 1276 488 minime

198 512 360 592 linguosus.
395 527 464 570 nam
481 516 511 570 et
525 508 589 587 ipse
605 507 688 570 vobis
709 527 774 570 rem
795 507 973 570 horribilem
989 509 1128 571 narrabo.
1173 509 1276 574 asinus

198 599 231 660 in
253 595 371 675 tegulis.
413 613 486 680 ¹(tum
508 594 603 655 adhuc
625 593 778 673 capillatus
802 613 910 668 essem,
935 613 1006 656 narn
1028 614 1045 656 a
1067 613 1159 675 puero
1183 596 1277 658 vitam
1295 616 1313 664 5

200 683 303 746 Chiam
319 680 406 760 gessi,
421 679 521 760 ipsimi
537 678 631 740 nostri
647 679 790 742 delicatus
807 679 943 754 decessit,
959 680 1144 742 mehercules
1156 699 1279 762 marga-

200 768 303 839 ritum,
326 766 454 828 caecitus
470 772 500 826 et
522 764 656 824 omnium
681 782 852 826 numerum.
887 785 956 827 curn
981 784 1051 845 ergo
1073 765 1156 828 illurn
1178 777 1279 832 mater

201 853 314 916 misella
325 852 479 933 plangeret
498 857 661 912 etnustum
678 851 779 930 plures
794 851 826 912 in
841 851 1025 913 tristimonio
1041 871 1184 924 essemus,
1201 854 1278 917 sub-

130 943 142 969 ⁰
201 941 244 1001 ito
265 937 374 1018 strigae
391 937 511 1000 stridere
529 943 706 1015 coeperunt3
724 943 849 1017 ¹putares
860 955 965 998 canam
981 936 1112 1017 leporem
1123 940 1276 1020 persequi.

202 1022 386 1088 habebamus
401 1031 474 1084 tunc
489 1021 644 1082 hominem
660 1021 873 1102 Cappadocem,
889 1023 1021 1101 longum,
1042 1022 1127 1084 valde
1142 1025 1277 1088 audaeu—
1297 1041 1331 1092 111

202 1113 264 1173 lum
281 1117 312 1171 et
327 1109 378 1188 qui
393 1107 507 1170 valebat
523 1107 658 1186 [poterat]
673 1107 779 1169 hovem
797 1107 908 1170 iratum
923 1107 1036 1170 tollere.
1069 1109 1119 1170 hic
1133 1109 1279 1173 audacter

203 1196 305 1265 stricto
322 1194 417 1274 gladio
440 1201 521 1253 extra
542 1192 652 1254 ostium
667 1193 863 1272 procucurrit,
889 1193 1020 1256 involuta
1042 1193 1161 1256 sinistra
1183 1213 1278 1258 manu

203 1281 329 1350 curiose,
347 1287 377 1341 et
392 1277 548 1341 mulierem
560 1285 704 1358 tanquam
716 1278 849 1340 hocloco
864 1317 905 1326 -
922 1278 1034 1340 salvum
1048 1280 1095 1354 sit,
1113 1281 1192 1358 quod
1205 1288 1276 1344 tau·

203 1386 240 1446 go
255 1401 298 1410 -
313 1365 441 1426 mediam
457 1362 579 1425 traiecit.
612 1363 751 1426 audimus
767 1363 935 1444 gemitum(
938 1364 1000 1436 sed,
1016 1365 1104 1444 plane
1115 1383 1177 1428 non
1189 1385 1278 1429 meu·
1413 1340 1414 1422 i

204 1453 271 1524 tiar,
286 1451 363 1530 ipsas
375 1468 438 1512 non
450 1449 589 1510 vidimus.
619 1449 689 1511 haro
702 1457 802 1511 autem
817 1458 917 1511 noster
929 1449 1117 1512 introversus
1129 1469 1162 1513 se
1173 1453 1278 1531 proie-
1298 1465 1332 1514 15
1414 1454 1415 1520 1

205 1538 245 1600 cit
260 1537 292 1596 in
313 1536 435 1609 lectum,
458 1542 488 1596 et
510 1551 618 1613 corpus
638 1542 736 1597 totum
759 1534 881 1597 lividum
905 1533 1032 1597 habebat
1054 1537 1139 1616 quasi
1157 1537 1279 1617 flagellis
1415 1568 1416 1634 1

206 1641 319 1695 caesus,
335 1621 405 1702 quia
419 1619 531 1683 scilicet
545 1619 629 1680 illum
639 1621 778 1700 tetigerat
793 1622 872 1684 mala
885 1637 1002 1682 manus.
1035 1639 1092 1682 uos
1105 1623 1187 1684 cluso
1200 1624 1277 1688 ostio
1415 1637 1416 1642 ’

206 1707 340 1770 redimus
354 1708 465 1769 iterum
481 1707 517 1768 ad
534 1705 674 1780 officium,
691 1707 743 1768 sed
758 1724 827 1768 cum
851 1713 947 1767 mater
967 1706 1149 1786 amplexaret
1170 1726 1278 1788 corpus

206 1795 258 1856 filii
274 1793 330 1870 sui,
347 1793 441 1872 tangit
455 1799 485 1853 et
502 1790 579 1852 videt
594 1791 795 1854 manuciolum
812 1791 848 1852 de
869 1792 1043 1853 stramentis
1063 1792 1184 1856 factum.
1212 1811 1276 1857 non
1417 1798 1418 1828 ¹

208 1898 258 1943 cor
274 1879 411 1951 habebat,
427 1895 488 1938 non
505 1876 654 1947 intestina,
670 1895 731 1939 non
748 1876 922 1958 quicquam:
950 1877 1060 1940 scilicet
1076 1878 1135 1940 iam
1151 1898 1279 1958 puerum
1297 1893 1330 1944 20
1418 1913 1419 1956 1

208 1965 317 2044 strigae
331 1964 534 2026 involaverant
550 1970 579 2023 et
593 1971 813 2043 supposuerant
833 1963 1069 2026 stramenticium
1091 1976 1278 2029 vavatonem.

208 2069 359 2130 rogoavos,
375 2055 494 2130 oportet
508 2047 645 2122 credatis,
661 2057 731 2110 sunt
747 2049 886 2112 mulieres
900 2049 1055 2128 plussciae,
1068 2058 1142 2110 sunt
1153 2059 1279 2114 noctur-

208 2156 275 2208 nae,
298 2143 329 2196 et
349 2136 428 2216 quod
449 2152 570 2197 sursum
592 2145 645 2207 est,
667 2135 809 2198 deorsum
830 2135 950 2197 faciunt.
984 2142 1117 2197 ceterum
1137 2136 1208 2198 haro
1229 2138 1279 2202 ille

208 2226 315 2302 longus
331 2231 398 2303 post
420 2222 476 2284 hoc
498 2222 608 2282 lactum
625 2241 778 2302 nunquam
802 2221 908 2284 coloris
930 2221 976 2284 sui
999 2220 1064 2294 fuit,
1092 2222 1186 2285 immo
1209 2234 1279 2305 post

209 2328 318 2390 paucos
333 2308 396 2370 dics
409 2306 601 2389 phreneticus
617 2306 724 2388 periit’
989 2387 992 2394 Ι
1296 2323 1328 2376 2⁵

156 2395 197 2456 64
294 2393 439 2456 miramur
455 2412 511 2455 nos
525 2400 555 2453 et
569 2393 679 2474 pariter
695 2393 856 2464 credimus,
879 2393 1061 2474 osculatique
1077 2411 1210 2456 mensam
1226 2414 1279 2457 rc-

210 2499 316 2560 gamus
330 2479 507 2554 Nocturnas,
531 2486 565 2539 ut
586 2479 649 2541 suis
672 2497 705 2542 se
727 2479 840 2542 cedibus
860 2486 994 2551 teneant,
1016 2480 1087 2540 dum
1107 2480 1241 2558 redimus
1262 2501 1280 2542 a

210 2585 292 2629 cena.

296 2744 326 2797 et
341 2755 413 2798 sane
428 2737 485 2799 iarn
502 2736 641 2798 lucernae
657 2735 730 2797 mihi
745 2733 843 2814 plures
855 2734 1033 2806 videbantur
1046 2737 1151 2798 ardere
1161 2743 1279 2798 totum-

212 2841 271 2903 que
285 2821 448 2883 triclinium
461 2840 525 2882 esse
541 2828 699 2893 mutatum,
723 2838 790 2883 curn
807 2820 985 2882 Trimalchio
1006 2821 1069 2882 ‘tihi
1085 2821 1159 2883 dico'
1181 2823 1281 2902 inquit
1299 2832 1331 2883 30

213 2907 371 2978 ‘Plocame
387 2907 459 2968 nihil
475 2902 601 2969 narras?
622 2906 696 2968 nihil
711 2925 767 2967 nos
783 2903 963 2968 delectaris?
987 2915 1016 2968 et
1031 2906 1146 2968 solebas
1161 2908 1280 2972 suavius

213 3013 288 3064 esse,
310 2993 385 3052 belle
407 2992 535 3054 diverbia
558 2991 664 3064 dicere,
690 2991 794 3053 melica
815 2991 973 3054 canturire.
1006 2993 1066 3054 heu
1087 2993 1158 3066 heu,
1178 2993 1282 3056 abistis

213 3078 308 3141 duleis
324 3077 456 3139 caricae'
491 3075 568 3139 ‘iam’
583 3077 681 3157 inquit
691 3078 741 3140 ille
757 3078 927 3158 ‘quadrigae
938 3095 1022 3139 rneae
1034 3078 1280 3153 decucurrerunt,

214 3183 250 3226 cx
266 3182 325 3244 quo
342 3162 516 3243 podagricus
531 3163 626 3223 factus
638 3182 716 3224 sum.
751 3164 882 3243 alioquin
898 3181 969 3225 curn
989 3182 1084 3226 essem
1106 3164 1280 3226 adalman,

214 3250 304 3322 tulus,
320 3248 466 3310 cantando
482 3266 576 3328 paene
593 3249 757 3327 phthisicus
770 3250 865 3312 lactus
881 3268 957 3311 sum.
981 3249 1051 3329 quid
1063 3247 1193 3312 saltare?
1208 3250 1280 3330 quid
1299 3262 1332 3313 35

215 3331 369 3398 diverbia?
385 3334 455 3414 quid
471 3331 678 3395 tonstrinum?
693 3353 783 3416 quem
793 3353 895 3414 parem
904 3333 1004 3407 habui,
1021 3333 1182 3396 nisiununt
1190 3336 1280 3415 Apel-

211 3417 334 3482 letem‘l‘
368 3420 562 3500 appositaque
581 3420 617 3480 ad
633 3439 665 3482 os
686 3431 777 3481 mauu
799 3420 899 3483 nescio
922 3420 993 3501 quid
1013 3428 1123 3482 tetrum
1145 3421 1281 3494 sibilavit,

212 3507 292 3586 qnod
308 3512 411 3586 postea
428 3506 572 3567 Graecum
589 3523 653 3567 esse
668 3505 843 3568 affirmabat.

283 3658 361 3710 411111
372 3657 508 3710 Iocabatur
520 3655 529 3725 11
542 3659 557 3710 6
570 3658 631 3723 ipirn
643 3658 735 3708 nostri
748 3655 758 3723 1
771 3659 785 3707 l
799 3657 936 3710 caunites
947 3657 1079 3708 {mutetur
1091 3655 1101 3724 11
1116 3657 1145 3711 11
1160 3655 1245 3708 lovem
1259 3656 1268 3724 11

185 3776 188 3784 ,
215 3729 248 3780 14
260 3733 286 3776 et
299 3726 372 3792 plana
385 3724 395 3791 11
409 3727 497 3780 181111
511 3727 568 3778 dum
581 3727 591 3794 11
607 3726 636 3780 19
649 3725 906 3790 [11111111111111111
919 3723 928 3792 1
941 3726 970 3776 31
988 3726 1075 3777 suavis
1088 3741 1154 3788 esse,
1167 3727 1281 3778 canturi-

214 3811 243 3846 re
255 3794 323 3846 bclle
336 3794 468 3860 deverbin,
480 3795 582 3846 adicere
598 3791 782 3861 11111111111133
800 3793 885 3844 carica
899 3793 908 3860 11
922 3796 953 3846 34
971 3797 1089 3861 praestat
1108 3795 1246 3860 aliquando
1259 3793 1269 3862 11

214 3865 247 3916 36
260 3864 341 3930 quam]
354 3865 451 3929 quando
463 3861 474 3931 11
487 3864 519 3913 31
533 3863 696 3930 oppositaque
711 3860 716 3927 1
732 3861 869 3912 exibitavit
