2860 4340
562 101 772 158 FRAGMENTA
1135 107 1193 194 111

629 259 697 322 XXI

218 362 370 423 Diomedes
384 366 416 424 ire
431 361 494 424 orti
507 361 556 424 III
562 382 594 444 p.
610 361 674 424 518
688 361 788 426 Keilii:
803 371 833 426 et
846 364 918 426 illud
933 364 1003 427 hinc
1018 374 1064 430 est
1078 385 1193 430 comma

125 447 211 530 quod
227 447 348 510 Arbiter
362 449 433 512 lecit
447 450 504 510 tale
532 468 534 472 ’

378 541 463 596 ‘anus
479 541 593 596 recocta
608 533 677 595 vino

377 619 576 700 trementibus
592 617 713 681 labellis'

622 821 702 884 XXII

214 923 334 985 Servios
347 927 379 985 io
394 933 485 986 ortem
495 924 603 986 Donati
610 944 642 1006 p.
657 922 731 996 432,
745 922 789 985 22
799 923 900 986 Keilii:
921 925 992 987 item
1006 925 1134 998 Quirites
1146 928 1192 989 di-

126 1011 167 1072 cit
182 1028 312 1071 numero
327 1016 444 1071 tantum
460 1009 574 1090 plurali.
619 1011 672 1070 sed
688 1009 813 1088 legimus
837 1011 915 1091 apud
936 1011 1090 1074 Horatium
1113 1014 1193 1076 bunc

126 1095 287 1170 Quiritem,
314 1102 347 1156 ut
362 1096 400 1157 sit
420 1095 618 1158 nominativus
639 1095 686 1157 hic
706 1095 813 1168 Quiris.
855 1097 925 1158 item
950 1097 1029 1158 idem
1052 1097 1192 1161 Horatius

127 1182 204 1262 ‘quis
215 1190 247 1242 te
263 1179 442 1257 Quiritem‘i'
464 1181 547 1244 cuius
564 1180 765 1243 nominativus
781 1181 900 1244 erit'hio
915 1183 1054 1258 Quirites,
1076 1192 1108 1246 ut
1122 1185 1193 1248 dicit

125 1267 286 1330 Petronius

210 1353 360 1432 Pompeios
374 1357 405 1414 m
420 1363 574 1414 oomoeeoto
590 1355 661 1414 ortis
672 1351 781 1416 Donati
789 1373 820 1434 p.
837 1352 910 1427 167,
923 1352 945 1416 9
959 1353 1003 1415 X:
1020 1373 1108 1416 nemo
1122 1356 1192 1417 dicit

130 1439 184 1500 ‘hic
199 1438 342 1512 Quirites’
358 1439 411 1500 sed
427 1438 468 1499 ‘bi
483 1438 629 1511 Quirites,
645 1439 714 1500 licet
727 1439 886 1518 legerimus
899 1441 965 1501 hoc.
995 1440 1121 1519 legiteIn
1134 1443 1191 1503 Pe·

131 1524 234 1596 tronto,
254 1533 284 1586 et
298 1524 456 1586 invenietis
472 1523 708 1586 denominativo
724 1524 864 1606 singulari
879 1526 942 1588 hoc
950 1527 1069 1589 lactum.
1101 1536 1131 1589 et
1152 1528 1192 1589 ait

130 1611 285 1672 Petronius
301 1610 358 1672 bic
373 1609 510 1684 Quirites'

192 1711 310 1777 Quirites
322 1727 370 1780 pro
382 1711 495 1778 Quiritis
507 1679 678 1764 commentum
686 1713 922 1779 grammaticorum

609 1897 701 1961 XXIII

209 2006 414 2086 grammaticos
429 2002 462 2064 de
479 2002 572 2064 dubiis
585 2003 747 2064 oomim'bos
757 2022 787 2084 p.
811 2001 928 2076 meme
942 2003 984 2065 K:
1006 2005 1114 2067 fretum
1139 2022 1190 2084 ge·

132 2090 206 2153 neris
221 2089 323 2153 neutri
339 2096 368 2150 et
383 2087 536 2168 pluraliter
551 2087 635 2160 freta,
649 2097 683 2149 nt
697 2089 854 2150 Petronius
870 2090 954 2152 ‘freta
969 2089 1136 2152 Nereidum‘

530 2321 542 2339 s
588 2261 717 2326 XXIIII*

207 2367 404 2447 Hieronymus
419 2371 450 2428 io
465 2368 587 2446 epistola
609 2367 647 2429 ool
666 2367 872 2430 Demetriadem
895 2368 1005 2431 CXXX
1025 2367 1067 2430 19
1078 2389 1109 2448 p.
1124 2367 1189 2432 995

127 2457 279 2518 Vollorsii:
296 2453 513 2515 cincinnatulos
524 2471 635 2532 pueros
648 2461 677 2514 ct
689 2454 900 2516 calamistratos
913 2464 942 2516 et
956 2455 1103 2534 peregrini
1119 2474 1187 2517 mu·

121 2543 161 2604 ris
178 2543 295 2602 olentes
313 2539 473 2620 pelliculas,
490 2539 526 2599 de
543 2538 650 2618 quibus
666 2538 737 2599 illud
753 2539 862 2601 Arbitri
878 2547 924 2602 est

348 2637 419 2686 ‘non
434 2622 513 2686 bene
529 2625 587 2685 olet
604 2623 655 2704 qui
669 2622 747 2685 benc
763 2633 883 2705 semper
898 2624 964 2687 olet’

120 2713 205 2794 quasi
223 2712 367 2792 quasdam
384 2718 485 2790 pestes
502 2716 530 2772 et
545 2727 659 2771 venena
674 2709 830 2790 pudicitiae
846 2711 928 2791 virgo
944 2710 1055 2772 devitet

192 2815 268 2866 trivii
279 2829 328 2882 pro
340 2813 439 2864 Arbitri
450 2829 498 2862 me.
513 2811 684 2864 Cisteroieose.
700 2809 829 2864 Martialis
840 2808 881 2864 ote
891 2829 979 2864 ocrem
991 2817 1028 2864 ost
1040 2811 1115 2878 1112,
1129 2811 1146 2862 1

609 2995 708 3058 XXV*

206 3104 372 3186 Fulgentius
386 3101 591 3200 mythologicoo
606 3099 672 3164 119
689 3120 719 3182 p.
737 3099 779 3163 80
799 3101 832 3162 do
852 3099 1031 3162 Prometheo:
1053 3099 1186 3180 quamvis

120 3193 329 3288 Nicagoras..
346 3189 500 3268 .primum
514 3187 599 3250 illum
614 3167 761 3248 formasse
780 3186 893 3248 idolum
914 3187 1087 3260 releratt
1057 3193 1087 3246 ct
1107 3186 1186 3264 quod

121 3277 257 3340 vulturi'
249 3293 332 3337 secur
347 3272 496 3371 praebeat,
512 3257 613 3334 livoris
629 3271 715 3352 quasi
729 3272 831 3355 pingat
852 3271 1021 3352 imaginem
1055 3272 1136 3332 unde
1158 3278 1187 3331 et

121 3364 280 3425 Petronius
295 3359 414 3421 Arbiter
428 3358 469 3422 ait
595 3367 599 3376 “

356 3454 418 3525 qm
410 3442 554 3506 vultur
545 3461 627 3506 iecur
641 3443 782 3506 intimum
798 3450 930 3523 pererrat

322 3531 324 3538 ’
367 3540 397 3593 et
410 3538 513 3610 pectus
529 3529 620 3592 trahit
633 3528 814 3610 intimasque
830 3529 928 3602 fibras,

366 3634 428 3678 non
445 3623 490 3677 est
505 3635 592 3696 quem
609 3615 698 3694 lepidi
714 3622 820 3675 vocant
830 3623 943 3694 poetae,

365 3701 417 3764 sed
434 3701 531 3763 cordis
543 3701 630 3772 molo,
647 3701 720 3762 livor
734 3699 823 3781 atque
838 3699 933 3762 luxus’

191 3819 265 3856 ocrea
280 3803 288 3852 l
306 3802 347 3854 eui
360 3801 422 3854 libri
436 3801 440 3868 l
455 3803 571 3854 ultimum
584 3801 686 3854 illodioa
697 3801 736 3868 ll²
753 3802 837 3868 querit
852 3810 940 3868 pectus
956 3799 1016 3853 libri
1029 3805 1118 3869 praeto·
1128 3816 1185 3852 eco-

126 3871 203 3924 ouon
215 3871 331 3925 oensem
343 3870 352 3939 11
365 3873 380 3920 3
392 3871 474 3936 tepitli
484 3871 546 3922 libre¹
