<?xml version="1.0" encoding="UTF-8"?>
<!DOCTYPE html PUBLIC "-//W3C//DTD XHTML 1.0 Transitional//EN"
    "http://www.w3.org/TR/xhtml1/DTD/xhtml1-transitional.dtd">
<html xmlns="http://www.w3.org/1999/xhtml" xml:lang="en" lang="en">
 <head>
  <title>
</title>
<meta http-equiv="Content-Type" content="text/html;charset=utf-8" />
  <meta name='ocr-system' content='tesseract 3.04.00' />
  <meta name='ocr-capabilities' content='ocr_page ocr_carea ocr_par ocr_line ocrx_word'/>
</head>
<body>
  <div class='ocr_page' id='page_1' title='image "./satiraeetliberp00buecgoog_0208.png"; bbox 0 0 2838 4348; ppageno 0'>
   <div class='ocr_carea' id='block_1_1' title="bbox 596 111 1212 194">
    <p class='ocr_par' dir='ltr' id='par_1_1' title="bbox 596 111 1212 194">
     <span class='ocr_line' id='line_1_1' title="bbox 596 111 1212 194; baseline -0.005 -12"><span class='ocrx_word' id='word_1_1' title='bbox 596 125 762 182; x_wconf 77' lang='grc'><strong>0004004010</strong></span> <span class='ocrx_word' id='word_1_2' title='bbox 839 117 892 138; x_wconf 79' lang='grc'><strong>”</strong></span> <span class='ocrx_word' id='word_1_3' title='bbox 1063 111 1067 118; x_wconf 84' lang='grc'><strong>’</strong></span> <span class='ocrx_word' id='word_1_4' title='bbox 1153 132 1212 194; x_wconf 78' lang='lat'>197</span> 
     </span>
    </p>
   </div>
   <div class='ocr_carea' id='block_1_2' title="bbox 138 281 1213 534">
    <p class='ocr_par' dir='ltr' id='par_1_2' title="bbox 138 281 1213 534">
     <span class='ocr_line' id='line_1_2' title="bbox 138 281 1213 363; baseline 0.006 -19"><span class='ocrx_word' id='word_1_5' title='bbox 138 283 291 362; x_wconf 88' lang='lat' dir='ltr'>quandam</span> <span class='ocrx_word' id='word_1_6' title='bbox 303 281 437 344; x_wconf 88' lang='lat' dir='ltr'>conieela</span> <span class='ocrx_word' id='word_1_7' title='bbox 448 285 585 356; x_wconf 85' lang='lat' dir='ltr'>sormam,</span> <span class='ocrx_word' id='word_1_8' title='bbox 597 282 698 362; x_wconf 87' lang='lat' dir='ltr'>itaque</span> <span class='ocrx_word' id='word_1_9' title='bbox 709 282 797 346; x_wconf 84' lang='lat' dir='ltr'>etiam</span> <span class='ocrx_word' id='word_1_10' title='bbox 807 282 953 346; x_wconf 81' lang='lat' dir='ltr'><strong>distichon</strong></span> <span class='ocrx_word' id='word_1_11' title='bbox 965 283 1213 363; x_wconf 78' lang='lat' dir='ltr'>epigrammatica</span> 
     </span>
     <span class='ocr_line' id='line_1_3' title="bbox 139 369 1211 450; baseline 0.004 -20"><span class='ocrx_word' id='word_1_12' title='bbox 139 375 251 430; x_wconf 83' lang='lat' dir='ltr'>vocant</span> <span class='ocrx_word' id='word_1_13' title='bbox 265 385 381 446; x_wconf 87' lang='lat' dir='ltr'>poema.</span> <span class='ocrx_word' id='word_1_14' title='bbox 404 369 504 447; x_wconf 87' lang='lat' dir='ltr'>poesis</span> <span class='ocrx_word' id='word_1_15' title='bbox 521 377 567 430; x_wconf 85' lang='lat' dir='ltr'>est</span> <span class='ocrx_word' id='word_1_16' title='bbox 581 376 760 448; x_wconf 87' lang='lat' dir='ltr'>perpetuum</span> <span class='ocrx_word' id='word_1_17' title='bbox 775 377 987 448; x_wconf 83' lang='lat' dir='ltr'>argumentum</span> <span class='ocrx_word' id='word_1_18' title='bbox 1002 388 1039 430; x_wconf 87' lang='lat' dir='ltr'>ex</span> <span class='ocrx_word' id='word_1_19' title='bbox 1053 371 1211 450; x_wconf 82' lang='lat' dir='ltr'>rhythmis,</span> 
     </span>
     <span class='ocr_line' id='line_1_4' title="bbox 138 453 1180 534; baseline 0.002 -18"><span class='ocrx_word' id='word_1_20' title='bbox 138 462 174 516; x_wconf 85' lang='lat' dir='ltr'>ul</span> <span class='ocrx_word' id='word_1_21' title='bbox 190 454 257 515; x_wconf 90' lang='lat' dir='ltr'>llias</span> <span class='ocrx_word' id='word_1_22' title='bbox 273 453 395 514; x_wconf 83' lang='lat' dir='ltr'>Homeri</span> <span class='ocrx_word' id='word_1_23' title='bbox 411 460 441 514; x_wconf 89' lang='lat' dir='ltr'>et</span> <span class='ocrx_word' id='word_1_24' title='bbox 456 455 578 516; x_wconf 89' lang='lat' dir='ltr'>annales</span> <span class='ocrx_word' id='word_1_25' title='bbox 593 455 681 518; x_wconf 85' lang='lat' dir='ltr'>Enni.</span> <span class='ocrx_word' id='word_1_26' title='bbox 705 456 819 534; x_wconf 91' lang='lat' dir='ltr'>poelice</span> <span class='ocrx_word' id='word_1_27' title='bbox 835 463 881 520; x_wconf 79' lang='lat' dir='ltr'>eal</span> <span class='ocrx_word' id='word_1_28' title='bbox 896 474 944 518; x_wconf 87' lang='lat' dir='ltr'>ars</span> <span class='ocrx_word' id='word_1_29' title='bbox 960 475 1063 518; x_wconf 89' lang='lat' dir='ltr'>earnm</span> <span class='ocrx_word' id='word_1_30' title='bbox 1077 475 1180 520; x_wconf 88' lang='lat' dir='ltr'>rerum</span> 
     </span>
    </p>
   </div>
   <div class='ocr_carea' id='block_1_3' title="bbox 536 557 743 634">
    <p class='ocr_par' dir='ltr' id='par_1_3' title="bbox 536 557 743 634">
     <span class='ocr_line' id='line_1_5' title="bbox 536 557 743 634; baseline -0.014 -12"><span class='ocrx_word' id='word_1_31' title='bbox 536 613 540 622; x_wconf 79' lang='grc'><strong>,</strong></span> <span class='ocrx_word' id='word_1_32' title='bbox 571 605 573 608; x_wconf 91' lang='grc'>-</span> <span class='ocrx_word' id='word_1_33' title='bbox 610 557 661 620; x_wconf 80' lang='lat' dir='ltr'>XV</span> <span class='ocrx_word' id='word_1_34' title='bbox 678 559 743 634; x_wconf 79' lang='lat'>(15)</span> 
     </span>
    </p>
   </div>
   <div class='ocr_carea' id='block_1_4' title="bbox 136 641 1316 815">
    <p class='ocr_par' dir='ltr' id='par_1_4' title="bbox 136 641 1316 815">
     <span class='ocr_line' id='line_1_6' title="bbox 242 641 1281 740; baseline 0.013 -27"><span class='ocrx_word' id='word_1_35' title='bbox 242 653 274 714; x_wconf 89' lang='lat' dir='ltr'>in</span> <span class='ocrx_word' id='word_1_36' title='bbox 290 654 398 732; x_wconf 88' lang='lat' dir='ltr'>quihus</span> <span class='ocrx_word' id='word_1_37' title='bbox 414 655 547 735; x_wconf 77' lang='lat' dir='ltr'>partibus</span> <span class='ocrx_word' id='word_1_38' title='bbox 562 656 594 717; x_wconf 89' lang='lat' dir='ltr'>in</span> <span class='ocrx_word' id='word_1_39' title='bbox 610 641 793 735; x_wconf 81' lang='lat' dir='ltr'>argumentis</span> <span class='ocrx_word' id='word_1_40' title='bbox 807 657 949 719; x_wconf 83' lang='lat' dir='ltr'>Caecilius</span> <span class='ocrx_word' id='word_1_41' title='bbox 962 659 1059 740; x_wconf 84' lang='lat' dir='ltr'>poscit</span> <span class='ocrx_word' id='word_1_42' title='bbox 1070 660 1209 740; x_wconf 89' lang='lat' dir='ltr'>palmam,</span> <span class='ocrx_word' id='word_1_43' title='bbox 1232 677 1281 728; x_wconf 83' lang='lat'>399</span> 
     </span>
     <span class='ocr_line' id='line_1_7' title="bbox 136 737 1316 815; baseline 0.005 -15"><span class='ocrx_word' id='word_1_44' title='bbox 136 739 171 802; x_wconf 91' lang='lat' dir='ltr'>in</span> <span class='ocrx_word' id='word_1_45' title='bbox 188 739 306 802; x_wconf 88' lang='lat' dir='ltr'>ethesin</span> <span class='ocrx_word' id='word_1_46' title='bbox 321 740 491 815; x_wconf 79' lang='lat' dir='ltr'>Terentius,</span> <span class='ocrx_word' id='word_1_47' title='bbox 508 742 539 804; x_wconf 90' lang='lat' dir='ltr'>in</span> <span class='ocrx_word' id='word_1_48' title='bbox 555 741 743 803; x_wconf 85' lang='lat' dir='ltr'>sermonibus</span> <span class='ocrx_word' id='word_1_49' title='bbox 759 742 880 806; x_wconf 86' lang='lat' dir='ltr'>Plautus</span> <span class='ocrx_word' id='word_1_50' title='bbox 1310 737 1316 748; x_wconf 82' lang='lat'>&#39;</span> 
     </span>
    </p>
   </div>
   <div class='ocr_carea' id='block_1_5' title="bbox 528 878 818 1059">
    <p class='ocr_par' dir='ltr' id='par_1_5' title="bbox 528 878 818 1059">
     <span class='ocr_line' id='line_1_8' title="bbox 528 878 818 932; baseline 0.003 0"><span class='ocrx_word' id='word_1_51' title='bbox 528 879 615 932; x_wconf 82' lang='lat' dir='ltr'>unm</span> <span class='ocrx_word' id='word_1_52' title='bbox 628 878 818 932; x_wconf 75' lang='lat' dir='ltr'>nmnsnsu</span> 
     </span>
     <span class='ocr_line' id='line_1_9' title="bbox 636 982 710 1059; baseline 0.014 -1"><span class='ocrx_word' id='word_1_53' title='bbox 636 982 649 1043; x_wconf 85' lang='lat' dir='ltr'>l</span> <span class='ocrx_word' id='word_1_54' title='bbox 665 982 710 1059; x_wconf 84' lang='lat'>(3)</span> 
     </span>
    </p>
   </div>
   <div class='ocr_carea' id='block_1_6' title="bbox 341 1079 1281 1228">
    <p class='ocr_par' dir='ltr' id='par_1_6' title="bbox 341 1079 1281 1228">
     <span class='ocr_line' id='line_1_10' title="bbox 505 1079 1281 1163; baseline 0.014 -23"><span class='ocrx_word' id='word_1_55' title='bbox 505 1079 569 1142; x_wconf 87' lang='lat' dir='ltr'>trim</span> <span class='ocrx_word' id='word_1_56' title='bbox 586 1082 773 1142; x_wconf 80' lang='lat' dir='ltr'>contremula</span> <span class='ocrx_word' id='word_1_57' title='bbox 788 1081 938 1161; x_wconf 74' lang='lat' dir='ltr'>aquilenis</span> <span class='ocrx_word' id='word_1_58' title='bbox 955 1083 1033 1163; x_wconf 92' lang='lat' dir='ltr'>apud</span> <span class='ocrx_word' id='word_1_59' title='bbox 1049 1083 1105 1144; x_wconf 82' lang='lat' dir='ltr'>alta</span> <span class='ocrx_word' id='word_1_60' title='bbox 1230 1101 1281 1150; x_wconf 91' lang='grc'>400</span> 
     </span>
     <span class='ocr_line' id='line_1_11' title="bbox 341 1163 996 1228; baseline 0.006 -4"><span class='ocrx_word' id='word_1_61' title='bbox 341 1163 428 1224; x_wconf 81' lang='lat' dir='ltr'>litora</span> <span class='ocrx_word' id='word_1_62' title='bbox 444 1165 536 1226; x_wconf 87' lang='lat' dir='ltr'>oreris</span> <span class='ocrx_word' id='word_1_63' title='bbox 552 1185 586 1227; x_wconf 89' lang='lat' dir='ltr'>ac</span> <span class='ocrx_word' id='word_1_64' title='bbox 602 1166 710 1228; x_wconf 89' lang='lat' dir='ltr'>nobilis</span> <span class='ocrx_word' id='word_1_65' title='bbox 724 1167 866 1228; x_wconf 89' lang='lat' dir='ltr'>omnibus</span> <span class='ocrx_word' id='word_1_66' title='bbox 880 1169 996 1228; x_wconf 90' lang='lat' dir='ltr'>reluces</span> 
     </span>
    </p>
   </div>
   <div class='ocr_carea' id='block_1_7' title="bbox 341 1269 1278 1538">
    <p class='ocr_par' dir='ltr' id='par_1_7' title="bbox 341 1269 1278 1538">
     <span class='ocr_line' id='line_1_12' title="bbox 628 1269 705 1331; baseline -0.013 0"><span class='ocrx_word' id='word_1_67' title='bbox 628 1271 655 1331; x_wconf 88' lang='grc' dir='ltr'>ΙΙ</span> <span class='ocrx_word' id='word_1_68' title='bbox 687 1269 705 1330; x_wconf 81' lang='lat'><strong>2</strong></span> 
     </span>
     <span class='ocr_line' id='line_1_13' title="bbox 342 1273 1278 1453; baseline 0.005 -23"><span class='ocrx_word' id='word_1_69' title='bbox 342 1353 439 1448; x_wconf 83' lang='lat' dir='ltr'>neque</span> <span class='ocrx_word' id='word_1_70' title='bbox 455 1370 486 1430; x_wconf 90' lang='lat' dir='ltr'>in</span> <span class='ocrx_word' id='word_1_71' title='bbox 499 1369 627 1453; x_wconf 86' lang='lat' dir='ltr'>poiubro</span> <span class='ocrx_word' id='word_1_72' title='bbox 644 1273 768 1450; x_wconf 69' lang='grc' dir='ltr'><strong>0000οἰ00</strong></span> <span class='ocrx_word' id='word_1_73' title='bbox 784 1371 909 1452; x_wconf 77' lang='lat' dir='ltr'>coquam</span> <span class='ocrx_word' id='word_1_74' title='bbox 926 1387 1029 1432; x_wconf 91' lang='lat' dir='ltr'>carnes</span> <span class='ocrx_word' id='word_1_75' title='bbox 1229 1385 1278 1435; x_wconf 87' lang='grc'>401</span> 
     </span>
     <span class='ocr_line' id='line_1_14' title="bbox 341 1455 1103 1538; baseline 0.004 -23"><span class='ocrx_word' id='word_1_76' title='bbox 341 1455 449 1534; x_wconf 87' lang='lat' dir='ltr'>quihus</span> <span class='ocrx_word' id='word_1_77' title='bbox 466 1455 603 1516; x_wconf 82' lang='lat' dir='ltr'>satellem</span> <span class='ocrx_word' id='word_1_78' title='bbox 619 1473 743 1538; x_wconf 85' lang='lat' dir='ltr'>corpora</span> <span class='ocrx_word' id='word_1_79' title='bbox 759 1475 793 1518; x_wconf 96' lang='grc'>00</span> <span class='ocrx_word' id='word_1_80' title='bbox 808 1457 919 1517; x_wconf 91' lang='lat' dir='ltr'>famem</span> <span class='ocrx_word' id='word_1_81' title='bbox 935 1457 1049 1518; x_wconf 87' lang='lat' dir='ltr'>ventris</span> <span class='ocrx_word' id='word_1_82' title='bbox 1098 1463 1103 1476; x_wconf 84' lang='lat'>‘</span> 
     </span>
    </p>
   </div>
   <div class='ocr_carea' id='block_1_8' title="bbox 619 1559 720 1636">
    <p class='ocr_par' dir='ltr' id='par_1_8' title="bbox 619 1559 720 1636">
     <span class='ocr_line' id='line_1_15' title="bbox 619 1559 720 1636; baseline 0.01 -17"><span class='ocrx_word' id='word_1_83' title='bbox 619 1559 659 1620; x_wconf 87' lang='lat' dir='ltr'>ru</span> <span class='ocrx_word' id='word_1_84' title='bbox 676 1559 720 1636; x_wconf 78' lang='lat' dir='ltr'>u)</span> 
     </span>
    </p>
   </div>
   <div class='ocr_carea' id='block_1_9' title="bbox 138 1629 1279 1910">
    <p class='ocr_par' dir='ltr' id='par_1_9' title="bbox 138 1629 1279 1910">
     <span class='ocr_line' id='line_1_16' title="bbox 240 1629 1279 1739; baseline 0.003 -23"><span class='ocrx_word' id='word_1_85' title='bbox 240 1673 330 1735; x_wconf 93' lang='lat' dir='ltr'>porro</span> <span class='ocrx_word' id='word_1_86' title='bbox 347 1655 417 1717; x_wconf 90' lang='lat' dir='ltr'>inde</span> <span class='ocrx_word' id='word_1_87' title='bbox 432 1657 468 1718; x_wconf 93' lang='lat' dir='ltr'>ab</span> <span class='ocrx_word' id='word_1_88' title='bbox 484 1675 543 1718; x_wconf 92' lang='lat' dir='ltr'>uno</span> <span class='ocrx_word' id='word_1_89' title='bbox 561 1677 680 1738; x_wconf 89' lang='lat' dir='ltr'>quoque</span> <span class='ocrx_word' id='word_1_90' title='bbox 696 1660 827 1739; x_wconf 86' lang='lat' dir='ltr'>compito</span> <span class='ocrx_word' id='word_1_91' title='bbox 851 1666 955 1719; x_wconf 85' lang='lat' dir='ltr'>lemae</span> <span class='ocrx_word' id='word_1_92' title='bbox 977 1658 1038 1718; x_wconf 82' lang='lat' dir='ltr'>riae</span> <span class='ocrx_word' id='word_1_93' title='bbox 1059 1658 1207 1732; x_wconf 77' lang='lat' dir='ltr'>oriuntur,</span> <span class='ocrx_word' id='word_1_94' title='bbox 1219 1629 1279 1719; x_wconf 52' lang='grc'>1’402</span> 
     </span>
     <span class='ocr_line' id='line_1_17' title="bbox 139 1740 1208 1824; baseline 0 -20"><span class='ocrx_word' id='word_1_95' title='bbox 139 1741 280 1821; x_wconf 84' lang='lat' dir='ltr'>equibus</span> <span class='ocrx_word' id='word_1_96' title='bbox 296 1741 430 1821; x_wconf 78' lang='lat' dir='ltr'>singulae</span> <span class='ocrx_word' id='word_1_97' title='bbox 446 1743 557 1804; x_wconf 81' lang='lat' dir='ltr'>esilum</span> <span class='ocrx_word' id='word_1_98' title='bbox 581 1764 615 1806; x_wconf 92' lang='lat' dir='ltr'>ac</span> <span class='ocrx_word' id='word_1_99' title='bbox 634 1740 725 1816; x_wconf 79' lang='grc' dir='ltr'><strong><em>τέλος</em></strong></span> <span class='ocrx_word' id='word_1_100' title='bbox 748 1744 859 1808; x_wconf 89' lang='lat' dir='ltr'>habent</span> <span class='ocrx_word' id='word_1_101' title='bbox 881 1744 1046 1824; x_wconf 91' lang='lat' dir='ltr'>proprium.</span> <span class='ocrx_word' id='word_1_102' title='bbox 1072 1765 1088 1804; x_wconf 92' lang='grc'><strong>0</strong></span> <span class='ocrx_word' id='word_1_103' title='bbox 1110 1743 1208 1823; x_wconf 92' lang='lat' dir='ltr'>primo</span> 
     </span>
     <span class='ocr_line' id='line_1_18' title="bbox 138 1827 829 1910; baseline 0.006 -22"><span class='ocrx_word' id='word_1_104' title='bbox 138 1827 270 1906; x_wconf 89' lang='lat' dir='ltr'>compito</span> <span class='ocrx_word' id='word_1_105' title='bbox 286 1827 447 1894; x_wconf 79' lang='lat' dir='ltr'>dextimam</span> <span class='ocrx_word' id='word_1_106' title='bbox 464 1829 542 1890; x_wconf 91' lang='lat' dir='ltr'>viam</span> <span class='ocrx_word' id='word_1_107' title='bbox 557 1831 666 1892; x_wconf 87' lang='lat' dir='ltr'>muniit</span> <span class='ocrx_word' id='word_1_108' title='bbox 681 1830 829 1910; x_wconf 87' lang='lat' dir='ltr'>Epicurus</span> 
     </span>
    </p>
   </div>
   <div class='ocr_carea' id='block_1_10' title="bbox 499 1965 839 2022">
    <p class='ocr_par' dir='ltr' id='par_1_10' title="bbox 499 1965 839 2022">
     <span class='ocr_line' id='line_1_19' title="bbox 499 1965 839 2022; baseline 0.006 -5"><span class='ocrx_word' id='word_1_109' title='bbox 499 1967 585 2018; x_wconf 82' lang='grc' dir='ltr'><strong>ΠΕΡΙ</strong></span> <span class='ocrx_word' id='word_1_110' title='bbox 602 1965 839 2022; x_wconf 80' lang='grc' dir='ltr'><strong>ΕΔΕΣΜΑΤΩΝ</strong></span> 
     </span>
    </p>
   </div>
   <div class='ocr_carea' id='block_1_11' title="bbox 133 2143 1277 3176">
    <p class='ocr_par' dir='ltr' id='par_1_11' title="bbox 133 2143 1277 3176">
     <span class='ocr_line' id='line_1_20' title="bbox 238 2143 1277 2239; baseline 0.008 -28"><span class='ocrx_word' id='word_1_111' title='bbox 238 2151 277 2211; x_wconf 91' lang='grc' dir='ltr'>Μ.</span> <span class='ocrx_word' id='word_1_112' title='bbox 300 2152 392 2213; x_wconf 84' lang='lat' dir='ltr'>Varro</span> <span class='ocrx_word' id='word_1_113' title='bbox 402 2156 432 2213; x_wconf 81' lang='lat' dir='ltr'>s&#39;u</span> <span class='ocrx_word' id='word_1_114' title='bbox 448 2163 549 2216; x_wconf 77' lang='lat' dir='ltr'>salsura</span> <span class='ocrx_word' id='word_1_115' title='bbox 561 2173 646 2235; x_wconf 79' lang='lat' dir='ltr'>quam</span> <span class='ocrx_word' id='word_1_116' title='bbox 658 2151 736 2239; x_wconf 78' lang='grc' dir='ltr'><strong><em>περὶ</em></strong></span> <span class='ocrx_word' id='word_1_117' title='bbox 748 2143 938 2236; x_wconf 71' lang='grc' dir='ltr'><strong><em>ἐδεσμάτων</em></strong></span> <span class='ocrx_word' id='word_1_118' title='bbox 948 2155 1100 2232; x_wconf 74' lang='lat' dir='ltr'>insumpsit,</span> <span class='ocrx_word' id='word_1_119' title='bbox 1115 2152 1208 2232; x_wconf 76' lang='lat' dir='ltr'>lepide</span> <span class='ocrx_word' id='word_1_120' title='bbox 1227 2169 1277 2220; x_wconf 84' lang='grc'>403</span> 
     </span>
     <span class='ocr_line' id='line_1_21' title="bbox 136 2237 1207 2318; baseline 0 -18"><span class='ocrx_word' id='word_1_121' title='bbox 136 2237 292 2300; x_wconf 80' lang='lat' dir='ltr'>admodum</span> <span class='ocrx_word' id='word_1_122' title='bbox 306 2247 333 2298; x_wconf 84' lang='lat' dir='ltr'>et</span> <span class='ocrx_word' id='word_1_123' title='bbox 347 2241 412 2298; x_wconf 81' lang='lat' dir='ltr'>selle</span> <span class='ocrx_word' id='word_1_124' title='bbox 426 2240 514 2318; x_wconf 72' lang='lat' dir='ltr'>[aclis</span> <span class='ocrx_word' id='word_1_125' title='bbox 529 2241 657 2304; x_wconf 82' lang='lat' dir='ltr'>uersibus</span> <span class='ocrx_word' id='word_1_126' title='bbox 671 2258 807 2303; x_wconf 78' lang='lat' dir='ltr'>cesarum</span> <span class='ocrx_word' id='word_1_127' title='bbox 822 2240 950 2302; x_wconf 84' lang='lat' dir='ltr'>silerum</span> <span class='ocrx_word' id='word_1_128' title='bbox 964 2242 1119 2318; x_wconf 71' lang='lat' dir='ltr'>emmunim</span> <span class='ocrx_word' id='word_1_129' title='bbox 1132 2239 1207 2300; x_wconf 83' lang='lat' dir='ltr'>deli-</span> 
     </span>
     <span class='ocr_line' id='line_1_22' title="bbox 136 2323 1205 2407; baseline 0.002 -23"><span class='ocrx_word' id='word_1_130' title='bbox 136 2327 194 2384; x_wconf 87' lang='lat' dir='ltr'>cias</span> <span class='ocrx_word' id='word_1_131' title='bbox 209 2323 422 2402; x_wconf 78' lang='lat' dir='ltr'>comprehendit.</span> <span class='ocrx_word' id='word_1_132' title='bbox 452 2343 519 2384; x_wconf 88' lang='lat' dir='ltr'>uam</span> <span class='ocrx_word' id='word_1_133' title='bbox 531 2326 667 2407; x_wconf 78' lang='lat' dir='ltr'>pleraque</span> <span class='ocrx_word' id='word_1_134' title='bbox 681 2329 711 2390; x_wconf 80' lang='lat' dir='ltr'>all</span> <span class='ocrx_word' id='word_1_135' title='bbox 724 2345 813 2406; x_wconf 80' lang='lat' dir='ltr'>persus</span> <span class='ocrx_word' id='word_1_136' title='bbox 828 2344 898 2405; x_wconf 85' lang='lat' dir='ltr'>quae</span> <span class='ocrx_word' id='word_1_137' title='bbox 913 2325 1046 2386; x_wconf 86' lang='lat' dir='ltr'>heluoues</span> <span class='ocrx_word' id='word_1_138' title='bbox 1061 2327 1109 2384; x_wconf 81' lang='lat' dir='ltr'>r&#39;su&#39;</span> <span class='ocrx_word' id='word_1_139' title='bbox 1127 2335 1205 2386; x_wconf 87' lang='lat' dir='ltr'>lerra</span> 
     </span>
     <span class='ocr_line' id='line_1_23' title="bbox 136 2411 1206 2492; baseline 0.001 -22"><span class='ocrx_word' id='word_1_140' title='bbox 136 2419 163 2470; x_wconf 87' lang='lat' dir='ltr'>et</span> <span class='ocrx_word' id='word_1_141' title='bbox 177 2411 257 2470; x_wconf 82' lang='lat' dir='ltr'>muri</span> <span class='ocrx_word' id='word_1_142' title='bbox 269 2412 449 2488; x_wconf 81' lang='lat' dir='ltr'>conquirunt,</span> <span class='ocrx_word' id='word_1_143' title='bbox 472 2415 602 2490; x_wconf 76' lang='lat' dir='ltr'>esposuit</span> <span class='ocrx_word' id='word_1_144' title='bbox 623 2413 789 2492; x_wconf 75' lang='lat' dir='ltr'>reclusitque</span> <span class='ocrx_word' id='word_1_145' title='bbox 809 2415 841 2472; x_wconf 80' lang='lat' dir='ltr'>iu</span> <span class='ocrx_word' id='word_1_146' title='bbox 860 2428 993 2472; x_wconf 85' lang='lat' dir='ltr'>uumerus</span> <span class='ocrx_word' id='word_1_147' title='bbox 1014 2413 1148 2472; x_wconf 85' lang='lat' dir='ltr'>seuerius.</span> <span class='ocrx_word' id='word_1_148' title='bbox 1179 2421 1206 2471; x_wconf 86' lang='lat' dir='ltr'>el</span> 
     </span>
     <span class='ocr_line' id='line_1_24' title="bbox 135 2494 1205 2578; baseline 0.001 -23"><span class='ocrx_word' id='word_1_149' title='bbox 135 2499 211 2574; x_wconf 80' lang='lat' dir='ltr'>ipsos</span> <span class='ocrx_word' id='word_1_150' title='bbox 227 2494 337 2573; x_wconf 78' lang='lat' dir='ltr'>paridem</span> <span class='ocrx_word' id='word_1_151' title='bbox 352 2513 459 2568; x_wconf 83' lang='lat' dir='ltr'>oersm,</span> <span class='ocrx_word' id='word_1_152' title='bbox 476 2499 523 2556; x_wconf 84' lang='lat' dir='ltr'>cul</span> <span class='ocrx_word' id='word_1_153' title='bbox 536 2501 699 2578; x_wconf 73' lang='lat' dir='ltr'>allomeris,</span> <span class='ocrx_word' id='word_1_154' title='bbox 720 2501 752 2558; x_wconf 81' lang='lat' dir='ltr'>iu</span> <span class='ocrx_word' id='word_1_155' title='bbox 767 2497 839 2559; x_wconf 84' lang='lat' dir='ltr'>lllro</span> <span class='ocrx_word' id='word_1_156' title='bbox 855 2513 908 2575; x_wconf 81' lang='lat' dir='ltr'>quo</span> <span class='ocrx_word' id='word_1_157' title='bbox 924 2495 987 2556; x_wconf 79' lang='lat' dir='ltr'>deiri</span> <span class='ocrx_word' id='word_1_158' title='bbox 1002 2497 1107 2574; x_wconf 79' lang='lat' dir='ltr'>positos</span> <span class='ocrx_word' id='word_1_159' title='bbox 1122 2495 1205 2574; x_wconf 80' lang='lat' dir='ltr'>lepal,</span> 
     </span>
     <span class='ocr_line' id='line_1_25' title="bbox 133 2580 1207 2661; baseline 0.002 -22"><span class='ocrx_word' id='word_1_160' title='bbox 133 2598 242 2660; x_wconf 76' lang='lat' dir='ltr'>persero</span> <span class='ocrx_word' id='word_1_161' title='bbox 262 2590 358 2640; x_wconf 87' lang='lat' dir='ltr'>aulem</span> <span class='ocrx_word' id='word_1_162' title='bbox 377 2584 547 2661; x_wconf 80' lang='lat' dir='ltr'>moesiaeque</span> <span class='ocrx_word' id='word_1_163' title='bbox 570 2583 696 2643; x_wconf 83' lang='lat' dir='ltr'>erluhum</span> <span class='ocrx_word' id='word_1_164' title='bbox 720 2593 746 2643; x_wconf 89' lang='lat' dir='ltr'>el</span> <span class='ocrx_word' id='word_1_165' title='bbox 767 2581 909 2643; x_wconf 83' lang='lat' dir='ltr'>domicilio</span> <span class='ocrx_word' id='word_1_166' title='bbox 929 2581 1054 2641; x_wconf 86' lang='lat' dir='ltr'>ciborum</span> <span class='ocrx_word' id='word_1_167' title='bbox 1076 2580 1207 2641; x_wconf 83' lang='lat' dir='ltr'>omullus</span> 
     </span>
     <span class='ocr_line' id='line_1_26' title="bbox 137 2665 1206 2748; baseline 0.001 -23"><span class='ocrx_word' id='word_1_168' title='bbox 137 2665 203 2726; x_wconf 82' lang='lat' dir='ltr'>aliis</span> <span class='ocrx_word' id='word_1_169' title='bbox 219 2669 412 2743; x_wconf 72' lang='lat' dir='ltr'>praestosum,</span> <span class='ocrx_word' id='word_1_170' title='bbox 435 2685 506 2746; x_wconf 81' lang='lat' dir='ltr'>quae</span> <span class='ocrx_word' id='word_1_171' title='bbox 522 2667 673 2748; x_wconf 76' lang='lat' dir='ltr'>profundo</span> <span class='ocrx_word' id='word_1_172' title='bbox 692 2669 832 2747; x_wconf 74' lang='lat' dir='ltr'>implumes</span> <span class='ocrx_word' id='word_1_173' title='bbox 846 2668 1001 2745; x_wconf 79' lang='lat' dir='ltr'>oestipaelt,</span> <span class='ocrx_word' id='word_1_174' title='bbox 1022 2682 1094 2743; x_wconf 80' lang='lat' dir='ltr'>puae</span> <span class='ocrx_word' id='word_1_175' title='bbox 1114 2665 1206 2726; x_wconf 90' lang='lat' dir='ltr'>Varro</span> 
     </span>
     <span class='ocr_line' id='line_1_27' title="bbox 136 2749 1206 2833; baseline 0.002 -23"><span class='ocrx_word' id='word_1_176' title='bbox 136 2750 314 2828; x_wconf 72' lang='lat' dir='ltr'>opprobrosus</span> <span class='ocrx_word' id='word_1_177' title='bbox 328 2761 477 2812; x_wconf 77' lang='lat' dir='ltr'>essecutus</span> <span class='ocrx_word' id='word_1_178' title='bbox 492 2763 541 2823; x_wconf 86' lang='lat' dir='ltr'>esl,</span> <span class='ocrx_word' id='word_1_179' title='bbox 557 2753 625 2814; x_wconf 85' lang='lat' dir='ltr'>haec</span> <span class='ocrx_word' id='word_1_180' title='bbox 640 2763 707 2816; x_wconf 87' lang='lat' dir='ltr'>suul</span> <span class='ocrx_word' id='word_1_181' title='bbox 725 2755 826 2833; x_wconf 72' lang='lat' dir='ltr'>ferme,</span> <span class='ocrx_word' id='word_1_182' title='bbox 851 2761 988 2832; x_wconf 78' lang='lat' dir='ltr'>pisaurum</span> <span class='ocrx_word' id='word_1_183' title='bbox 1003 2749 1083 2811; x_wconf 72' lang='lat' dir='ltr'>uoles</span> <span class='ocrx_word' id='word_1_184' title='bbox 1098 2768 1206 2812; x_wconf 89' lang='lat' dir='ltr'>meme-</span> 
     </span>
     <span class='ocr_line' id='line_1_28' title="bbox 135 2833 1206 2920; baseline 0.002 -24"><span class='ocrx_word' id='word_1_185' title='bbox 135 2839 198 2896; x_wconf 84' lang='lat' dir='ltr'>rs&#39;ae</span> <span class='ocrx_word' id='word_1_186' title='bbox 209 2845 264 2896; x_wconf 86' lang='lat' dir='ltr'>est:</span> <span class='ocrx_word' id='word_1_187' title='bbox 275 2853 371 2914; x_wconf 86' lang='lat' dir='ltr'>pavus</span> <span class='ocrx_word' id='word_1_188' title='bbox 381 2833 505 2907; x_wconf 88' lang='lat' dir='ltr'>eSumo,</span> <span class='ocrx_word' id='word_1_189' title='bbox 518 2837 643 2918; x_wconf 73' lang='lat' dir='ltr'>Plrppiu</span> <span class='ocrx_word' id='word_1_190' title='bbox 654 2850 796 2920; x_wconf 81' lang='lat' dir='ltr'>olrapeuu,</span> <span class='ocrx_word' id='word_1_191' title='bbox 810 2853 896 2918; x_wconf 83' lang='lat' dir='ltr'>praes</span> <span class='ocrx_word' id='word_1_192' title='bbox 906 2836 1032 2908; x_wconf 80' lang='lat' dir='ltr'>Melicae,</span> <span class='ocrx_word' id='word_1_193' title='bbox 1048 2835 1157 2898; x_wconf 82' lang='lat' dir='ltr'>haedus</span> <span class='ocrx_word' id='word_1_194' title='bbox 1169 2854 1206 2898; x_wconf 85' lang='lat' dir='ltr'>eac</span> 
     </span>
     <span class='ocr_line' id='line_1_29' title="bbox 136 2920 1206 3001; baseline 0.002 -21"><span class='ocrx_word' id='word_1_195' title='bbox 136 2920 297 2993; x_wconf 82' lang='lat' dir='ltr'>Ambracia,</span> <span class='ocrx_word' id='word_1_196' title='bbox 313 2922 445 3001; x_wconf 78' lang='lat' dir='ltr'>pelamys</span> <span class='ocrx_word' id='word_1_197' title='bbox 462 2921 659 2996; x_wconf 80' lang='lat' dir='ltr'>Chalcedonio,</span> <span class='ocrx_word' id='word_1_198' title='bbox 681 2943 823 2986; x_wconf 81' lang='lat' dir='ltr'>marraeua</span> <span class='ocrx_word' id='word_1_199' title='bbox 847 2922 985 2995; x_wconf 81' lang='lat' dir='ltr'>Tartesia,</span> <span class='ocrx_word' id='word_1_200' title='bbox 1013 2921 1095 2984; x_wconf 85' lang='lat' dir='ltr'>aselli</span> <span class='ocrx_word' id='word_1_201' title='bbox 1113 2920 1206 2982; x_wconf 83' lang='lat' dir='ltr'>Pessi-</span> 
     </span>
     <span class='ocr_line' id='line_1_30' title="bbox 136 3006 1206 3089; baseline 0.003 -23"><span class='ocrx_word' id='word_1_202' title='bbox 136 3009 240 3076; x_wconf 84' lang='lat' dir='ltr'>uuulii,</span> <span class='ocrx_word' id='word_1_203' title='bbox 257 3016 350 3068; x_wconf 84' lang='lat' dir='ltr'>ostrea</span> <span class='ocrx_word' id='word_1_204' title='bbox 366 3006 491 3081; x_wconf 79' lang='lat' dir='ltr'>Tarenti,</span> <span class='ocrx_word' id='word_1_205' title='bbox 503 3010 692 3089; x_wconf 76' lang='lat' dir='ltr'>pectunculus</span> <span class='ocrx_word' id='word_1_206' title='bbox 799 3009 894 3087; x_wconf 78' lang='lat' dir='ltr'>helops</span> <span class='ocrx_word' id='word_1_207' title='bbox 909 3007 1043 3079; x_wconf 76' lang='lat' dir='ltr'>Rhodius,</span> <span class='ocrx_word' id='word_1_208' title='bbox 1067 3010 1146 3068; x_wconf 83' lang='lat' dir='ltr'>scari</span> <span class='ocrx_word' id='word_1_209' title='bbox 1159 3007 1206 3069; x_wconf 79' lang='lat' dir='ltr'>u·-</span> 
     </span>
     <span class='ocr_line' id='line_1_31' title="bbox 136 3090 976 3176; baseline 0.001 -24"><span class='ocrx_word' id='word_1_210' title='bbox 136 3092 211 3165; x_wconf 80' lang='lat' dir='ltr'>lices,</span> <span class='ocrx_word' id='word_1_211' title='bbox 226 3110 312 3154; x_wconf 90' lang='lat' dir='ltr'>uuees</span> <span class='ocrx_word' id='word_1_212' title='bbox 328 3090 455 3170; x_wconf 83' lang='lat' dir='ltr'>Thasiae,</span> <span class='ocrx_word' id='word_1_213' title='bbox 468 3093 571 3176; x_wconf 88' lang='lat' dir='ltr'>palmo</span> <span class='ocrx_word' id='word_1_214' title='bbox 585 3095 728 3175; x_wconf 79' lang='lat' dir='ltr'>Aepppu‘a,</span> <span class='ocrx_word' id='word_1_215' title='bbox 743 3095 826 3176; x_wconf 79' lang='lat' dir='ltr'>pluus</span> <span class='ocrx_word' id='word_1_216' title='bbox 842 3093 976 3156; x_wconf 78' lang='lat' dir='ltr'>Hiberica</span> 
     </span>
    </p>
   </div>
   <div class='ocr_carea' id='block_1_12' title="bbox 238 3197 1276 3388">
    <p class='ocr_par' dir='ltr' id='par_1_12' title="bbox 238 3197 1276 3388">
     <span class='ocr_line' id='line_1_32' title="bbox 625 3197 702 3260; baseline -0.026 0"><span class='ocrx_word' id='word_1_217' title='bbox 625 3197 649 3260; x_wconf 92' lang='grc' dir='ltr'>ΙΙ</span> <span class='ocrx_word' id='word_1_218' title='bbox 683 3199 702 3258; x_wconf 75' lang='grc'>2</span> 
     </span>
     <span class='ocr_line' id='line_1_33' title="bbox 238 3201 1276 3388; baseline 0.002 -33"><span class='ocrx_word' id='word_1_219' title='bbox 238 3295 262 3356; x_wconf 94' lang='lat' dir='ltr'>si</span> <span class='ocrx_word' id='word_1_220' title='bbox 278 3303 423 3375; x_wconf 81' lang='lat' dir='ltr'>quantum</span> <span class='ocrx_word' id='word_1_221' title='bbox 439 3315 547 3377; x_wconf 81' lang='lat' dir='ltr'>operae</span> <span class='ocrx_word' id='word_1_222' title='bbox 562 3201 728 3378; x_wconf 54' lang='grc'><strong>0000000000,</strong></span> <span class='ocrx_word' id='word_1_223' title='bbox 753 3305 789 3388; x_wconf 51' lang='lat' dir='ltr'>ut¹</span> <span class='ocrx_word' id='word_1_224' title='bbox 799 3303 870 3358; x_wconf 83' lang='lat' dir='ltr'>tuus</span> <span class='ocrx_word' id='word_1_225' title='bbox 885 3294 980 3375; x_wconf 90' lang='lat' dir='ltr'>pistor</span> <span class='ocrx_word' id='word_1_226' title='bbox 994 3294 1108 3356; x_wconf 92' lang='lat' dir='ltr'>bonum</span> <span class='ocrx_word' id='word_1_227' title='bbox 1124 3295 1205 3356; x_wconf 83' lang='lat' dir='ltr'>face·</span> <span class='ocrx_word' id='word_1_228' title='bbox 1227 3306 1276 3357; x_wconf 92' lang='grc'>404</span> 
     </span>
    </p>
   </div>
   <div class='ocr_carea' id='block_1_13' title="bbox 135 3467 1207 3948">
    <p class='ocr_par' dir='ltr' id='par_1_13' title="bbox 135 3467 1207 3948">
     <span class='ocr_line' id='line_1_34' title="bbox 205 3467 1207 3539; baseline -0.001 -20"><span class='ocrx_word' id='word_1_229' title='bbox 205 3471 255 3520; x_wconf 84' lang='grc'>398</span> <span class='ocrx_word' id='word_1_230' title='bbox 268 3477 441 3534; x_wconf 72' lang='lat' dir='ltr'>argumentum</span> <span class='ocrx_word' id='word_1_231' title='bbox 454 3476 480 3520; x_wconf 82' lang='lat' dir='ltr'>el</span> <span class='ocrx_word' id='word_1_232' title='bbox 493 3471 601 3539; x_wconf 75' lang='lat' dir='ltr'>rythmis</span> <span class='ocrx_word' id='word_1_233' title='bbox 618 3471 708 3524; x_wconf 82' lang='lat' dir='ltr'>deinde</span> <span class='ocrx_word' id='word_1_234' title='bbox 720 3471 771 3524; x_wconf 87' lang='lat' dir='ltr'>loeo</span> <span class='ocrx_word' id='word_1_235' title='bbox 789 3471 874 3523; x_wconf 79' lang='lat' dir='ltr'>alieno</span> <span class='ocrx_word' id='word_1_236' title='bbox 891 3469 943 3519; x_wconf 87' lang='lat' dir='ltr'>min</span> <span class='ocrx_word' id='word_1_237' title='bbox 962 3475 990 3519; x_wconf 82' lang='lat' dir='ltr'>ul</span> <span class='ocrx_word' id='word_1_238' title='bbox 1001 3467 1070 3519; x_wconf 88' lang='lat' dir='ltr'>Ilias.</span> <span class='ocrx_word' id='word_1_239' title='bbox 1089 3471 1207 3535; x_wconf 73' lang='lat' dir='ltr'>fortasse</span> 
     </span>
     <span class='ocr_line' id='line_1_35' title="bbox 136 3537 1206 3609; baseline -0.003 -20"><span class='ocrx_word' id='word_1_240' title='bbox 136 3539 288 3605; x_wconf 75' lang='lat' dir='ltr'>eurythmon</span> <span class='ocrx_word' id='word_1_241' title='bbox 302 3537 603 3605; x_wconf 66' lang='grc'><strong>04000000000000010</strong></span> <span class='ocrx_word' id='word_1_242' title='bbox 625 3538 775 3592; x_wconf 82' lang='lat' dir='ltr'>Guilieimus</span> <span class='ocrx_word' id='word_1_243' title='bbox 788 3538 796 3609; x_wconf 88' lang='grc'>00</span> <span class='ocrx_word' id='word_1_244' title='bbox 810 3542 858 3592; x_wconf 84' lang='grc'>401</span> <span class='ocrx_word' id='word_1_245' title='bbox 878 3538 986 3604; x_wconf 86' lang='lat' dir='ltr'>pulvere</span> <span class='ocrx_word' id='word_1_246' title='bbox 1000 3537 1087 3587; x_wconf 83' lang='lat' dir='ltr'>milico</span> <span class='ocrx_word' id='word_1_247' title='bbox 1101 3551 1206 3602; x_wconf 84' lang='lat' dir='ltr'>coquam</span> 
     </span>
     <span class='ocr_line' id='line_1_36' title="bbox 136 3605 1206 3675; baseline -0.002 -18"><span class='ocrx_word' id='word_1_248' title='bbox 136 3623 238 3658; x_wconf 82' lang='lat' dir='ltr'>earnem</span> <span class='ocrx_word' id='word_1_249' title='bbox 251 3606 260 3675; x_wconf 87' lang='grc'>00</span> <span class='ocrx_word' id='word_1_250' title='bbox 273 3606 323 3658; x_wconf 86' lang='grc'>403</span> <span class='ocrx_word' id='word_1_251' title='bbox 336 3621 440 3658; x_wconf 85' lang='lat' dir='ltr'>murena</span> <span class='ocrx_word' id='word_1_252' title='bbox 451 3608 571 3658; x_wconf 77' lang='lat' dir='ltr'>turresia.</span> <span class='ocrx_word' id='word_1_253' title='bbox 588 3607 690 3673; x_wconf 77' lang='lat' dir='ltr'>reliqua</span> <span class='ocrx_word' id='word_1_254' title='bbox 698 3608 829 3675; x_wconf 78' lang='lat' dir='ltr'>facillime</span> <span class='ocrx_word' id='word_1_255' title='bbox 837 3611 987 3659; x_wconf 81' lang='lat' dir='ltr'>revocantur</span> <span class='ocrx_word' id='word_1_256' title='bbox 995 3605 1031 3656; x_wconf 84' lang='lat' dir='ltr'>ad</span> <span class='ocrx_word' id='word_1_257' title='bbox 1040 3608 1158 3656; x_wconf 69' lang='lat' dir='ltr'>sanamus</span> <span class='ocrx_word' id='word_1_258' title='bbox 1166 3619 1206 3655; x_wconf 87' lang='lat' dir='ltr'>ue·</span> 
     </span>
     <span class='ocr_line' id='line_1_37' title="bbox 136 3673 1206 3741; baseline -0.002 -15"><span class='ocrx_word' id='word_1_259' title='bbox 136 3676 177 3727; x_wconf 85' lang='lat' dir='ltr'>lul</span> <span class='ocrx_word' id='word_1_260' title='bbox 187 3692 252 3741; x_wconf 85' lang='lat' dir='ltr'>pavo</span> <span class='ocrx_word' id='word_1_261' title='bbox 263 3673 296 3725; x_wconf 78' lang='lat' dir='ltr'>rix</span> <span class='ocrx_word' id='word_1_262' title='bbox 309 3675 391 3738; x_wconf 84' lang='lat' dir='ltr'>Samo,</span> <span class='ocrx_word' id='word_1_263' title='bbox 406 3675 493 3741; x_wconf 77' lang='lat' dir='ltr'>Phryx</span> <span class='ocrx_word' id='word_1_264' title='bbox 511 3683 620 3740; x_wconf 76' lang='lat' dir='ltr'>allegem</span> <span class='ocrx_word' id='word_1_265' title='bbox 635 3693 697 3741; x_wconf 81' lang='lat' dir='ltr'>grus</span> <span class='ocrx_word' id='word_1_266' title='bbox 714 3678 812 3738; x_wconf 86' lang='lat' dir='ltr'>Melies,</span> <span class='ocrx_word' id='word_1_267' title='bbox 833 3675 904 3727; x_wconf 86' lang='lat' dir='ltr'>haedi</span> <span class='ocrx_word' id='word_1_268' title='bbox 926 3674 959 3726; x_wconf 67' lang='lat' dir='ltr'>ex</span> <span class='ocrx_word' id='word_1_269' title='bbox 976 3675 1122 3734; x_wconf 76' lang='lat' dir='ltr'>Ambracia,</span> <span class='ocrx_word' id='word_1_270' title='bbox 1136 3675 1206 3739; x_wconf 90' lang='lat' dir='ltr'>pela-</span> 
     </span>
     <span class='ocr_line' id='line_1_38' title="bbox 135 3741 1206 3866; baseline -0.004 -71"><span class='ocrx_word' id='word_1_271' title='bbox 135 3743 378 3864; x_wconf 41' lang='lat' dir='ltr'>znyssshagcedorfis,</span> <span class='ocrx_word' id='word_1_272' title='bbox 392 3743 886 3866; x_wconf 57' lang='grc' dir='ltr'><strong>010000000081001οὶ00011010000000000,</strong></span> <span class='ocrx_word' id='word_1_273' title='bbox 905 3741 1206 3862; x_wconf 45' lang='grc' dir='ltr'><strong>030000.Το0000οὴ0000-</strong></span> 
     </span>
     <span class='ocr_line' id='line_1_39' title="bbox 138 3827 1204 3948; baseline -0.003 -83"><span class='ocrx_word' id='word_1_274' title='bbox 138 3829 204 3947; x_wconf 55' lang='grc'><strong>100001</strong></span> <span class='ocrx_word' id='word_1_275' title='bbox 206 3828 256 3931; x_wconf 53' lang='lat' dir='ltr'>grex</span> <span class='ocrx_word' id='word_1_276' title='bbox 259 3828 398 3948; x_wconf 53' lang='grc' dir='ltr'>008001οῃ00Ιέ1</span> <span class='ocrx_word' id='word_1_277' title='bbox 400 3829 483 3934; x_wconf 45' lang='lat' dir='ltr'>arilpsusH</span> <span class='ocrx_word' id='word_1_278' title='bbox 486 3829 594 3934; x_wconf 44' lang='lat' dir='ltr'>ibleuhieva?</span> <span class='ocrx_word' id='word_1_279' title='bbox 633 3831 703 3880; x_wconf 84' lang='lat' dir='ltr'>eops</span> <span class='ocrx_word' id='word_1_280' title='bbox 756 3831 805 3880; x_wconf 87' lang='lat' dir='ltr'>or,</span> <span class='ocrx_word' id='word_1_281' title='bbox 847 3831 920 3900; x_wconf 82' lang='lat' dir='ltr'>ireos</span> <span class='ocrx_word' id='word_1_282' title='bbox 935 3827 1010 3878; x_wconf 78' lang='lat' dir='ltr'>scari,</span> <span class='ocrx_word' id='word_1_283' title='bbox 1034 3827 1085 3862; x_wconf 89' lang='lat' dir='ltr'>nux</span> <span class='ocrx_word' id='word_1_284' title='bbox 1140 3827 1204 3877; x_wconf 79' lang='lat' dir='ltr'>asra,</span> 
     </span>
    </p>
   </div>
   <div class='ocr_carea' id='block_1_14' title="bbox 0 0 1424 4348">
    <p class='ocr_par' dir='ltr' id='par_1_14' title="bbox 0 0 1424 4348">
     <span class='ocr_line' id='line_1_40' title="bbox 0 0 1424 4348; baseline 0 0"><span class='ocrx_word' id='word_1_285' title='bbox 0 0 1424 4348; x_wconf 95' lang='lat' dir='ltr'> </span> 
     </span>
    </p>
   </div>
  </div>
 </body>
</html>
