2860 4340
226 83 281 181 qs
693 83 846 138 rnrncrvn

170 240 229 302 133
319 236 323 322 Ι
343 240 398 302 hac
413 239 623 304 declamatione
635 240 716 302 linita
732 240 837 305 Gitona
849 261 921 305 voco
934 250 964 306 et
976 250 1073 308 ‘nerra
1085 243 1165 306 mihi’
1180 246 1307 329 inquam
1321 254 1372 307 Lo

238 325 346 401 irater,
363 325 415 387 sed
429 333 481 388 tua
497 325 568 388 lide:
585 345 617 388 ea
632 335 730 400 nocte,
745 345 802 407 qua
818 336 847 390 te
859 327 931 390 mihi
938 329 1072 410 Ascyltos
1084 330 1234 407 subduxit,
1250 351 1306 395 us-

237 430 295 491 que
303 426 480 474 minvurram
490 411 625 490 vigilavit
638 431 676 473 an
686 414 906 475 contentusfmt
915 415 1000 477 vidua
1008 416 1172 497 pudicaque
1182 417 1306 481 nectet

236 496 334 574 tetigit
348 517 423 579 puer
439 499 540 560 oculos
556 517 626 560 suos
643 499 938 582 conceptissimisque
952 501 1060 564 iuravit
1075 501 1172 565 verbis
1194 505 1252 567 sibi
1266 504 1305 567 ab

236 583 353 663 Ascylto
369 583 523 646 nullam
498 603 556 645 vim
572 581 680 646 factam
1326 597 1340 646 5

757 697 776 734 ὕ

236 757 440 905 ροεΙΙοιιιιθὴίιι
454 759 555 907 limilqe
570 775 648 906 gqpn
663 758 705 820 sic
720 758 894 841 deprecatus
910 779 977 907 susq
993 762 1118 908 rpqrmlqne
1133 782 1241 828 versu:

324 863 392 925 ymp
416 862 501 905 arum
540 865 591 907 acc
623 863 680 925 que
696 864 804 920 comes,
842 865 911 908 uem
948 865 993 908 uc
1031 867 1046 910 a
1086 867 1156 911 ione

298 929 437 993 divitibus
453 929 533 992 silvis
550 949 663 992 numen
679 930 772 1003 dedit,
787 864 887 994 inhlita
901 865 985 1012 phhet

298 1017 345 1076 cui
360 1015 472 1078 Lesbos
489 1015 649 1098 viridisque
665 1015 785 1090 Thasos,
802 1035 890 1099 quem
906 1016 1004 1098 Lydus
1020 1019 1127 1081 adorat
1414 1087 1415 1090 ,

297 1103 519 1182 semperflavius
533 1101 738 1183 templumque
750 1103 814 1165 suis
830 1103 957 1184 imponit
972 1103 1133 1185 Hypaepis:
1325 1125 1350 1174 tu

251 1253 254 1260 ,
297 1188 356 1250 huc
371 1190 441 1250 ades
457 1197 487 1250 et
498 1187 604 1250 bacchi
617 1195 702 1250 tutor
716 1189 924 1269 Dryadumque
940 1191 1083 1271 voluptas,

296 1281 328 1334 et
341 1273 460 1336 timidas
476 1274 598 1336 admitte
613 1291 727 1353 preces.
757 1291 819 1336 non
834 1275 977 1355 sanguine
992 1276 1070 1338 tristi

297 1360 439 1438 perfusus
455 1361 550 1430 venio,
568 1379 630 1421 non
646 1361 764 1440 templis
780 1361 889 1442 impius
905 1361 1001 1423 hostis

297 1446 414 1507 admovi
430 1447 573 1518 dextram,
587 1446 638 1507 sed
653 1445 740 1526 inops
753 1456 782 1508 et
793 1448 884 1509 rebus
898 1448 996 1527 egenis

298 1531 415 1593 attritus
431 1532 546 1594 lacinus
562 1549 625 1593 non
640 1539 703 1593 toto
720 1552 844 1614 corpore
860 1531 924 1594 feci.

297 1617 429 1699 quisquis
444 1626 547 1699 peccat
561 1617 657 1697 inops,
672 1618 772 1680 minor
783 1623 829 1681 est
842 1637 922 1679 reus.
957 1619 1012 1679 hac
1026 1636 1123 1698 prece,
1140 1638 1260 1702 quaeso,

297 1721 425 1769 exonera
440 1711 572 1768 mentem
585 1703 749 1785 culpaeque
764 1705 884 1785 ignosce
900 1703 1025 1764 minori:

296 1798 326 1851 et
340 1789 520 1872 quandoque
537 1790 608 1852 mihi
619 1791 757 1852 fortunae
769 1791 901 1853 arriserit
912 1790 995 1862 hore,

296 1891 357 1936 non
373 1875 438 1937 sine
453 1875 568 1937 honore
582 1883 667 1938 tuum
683 1875 776 1957 patiar
791 1877 892 1940 decus.
922 1875 975 1937 ibit
990 1875 1026 1937 ad
1041 1894 1115 1952 aras,

294 1969 406 2034 sancte,
422 1970 487 2024 tuas
503 1961 612 2032 hircus,
629 1963 744 2042 pecoris
758 1971 852 2043 pater,
867 1961 922 2023 ibit
937 1963 974 2023 ad
990 1981 1055 2024 aras

296 2047 432 2126 corniger
447 2056 477 2110 et
492 2049 632 2129 querulae
647 2051 727 2109 fetus
744 2048 815 2121 suis,
831 2048 928 2109 hostia
944 2049 1065 2110 lactens.

295 2133 446 2212 spumabit
460 2134 570 2212 pateris
586 2133 698 2195 hornus
713 2133 819 2214 liquor,
837 2142 866 2196 et
881 2141 928 2194 ter
944 2141 1081 2196 ovantem

233 2229 236 2236 “
296 2219 371 2282 circe
387 2217 543 2284 delubrum
558 2237 693 2305 gressum
709 2219 787 2281 feret
798 2219 878 2281 ebria
890 2218 993 2300 pubes'

750 2332 770 2368 di·

315 2394 386 2456 dum
402 2395 474 2458 haec
489 2413 543 2476 ago
559 2412 688 2476 curaque
704 2395 817 2457 sollerti
829 2395 962 2475 deposito
977 2413 1044 2455 meo
1058 2413 1158 2468 caveo,
1174 2395 1297 2458 intravit

231 2480 386 2544 delubrum
403 2499 478 2544 anus
493 2482 627 2544 laceratis
638 2481 770 2544 crinibus
782 2482 924 2561 nigraque
935 2488 1016 2542 veste
1028 2479 1179 2555 deformis,
1195 2491 1295 2545 extre-
1314 2497 1346 2546 25

230 2587 289 2647 que
303 2566 480 2632 vestibulum
496 2587 543 2629 me
558 2565 666 2630 iniecta
681 2587 774 2630 mann
789 2567 872 2629 duxit

747 2678 766 2714 dl·

163 2737 221 2798 134
311 2734 343 2818 Ιι
345 2755 421 2819 quae
435 2739 540 2820 striges
554 2739 863 2800 comederuntncrvos
871 2745 948 2809 tuos
964 2744 1015 2798 aut
1023 2737 1103 2817 quod
1111 2754 1295 2818 purgamen
1313 2754 1336 2808 ι,

61 2817 64 2837 '
229 2830 293 2883 tum
309 2831 399 2885 nocte
414 2823 555 2886 calcasti
546 2843 577 2884 m
593 2809 679 2884 trivio
694 2832 746 2885 aut
761 2819 909 2886 cadaver?
929 2842 967 2884 ne
983 2843 999 2884 a
1014 2841 1108 2904 puero
1125 2823 1249 2902 quidem
1264 2833 1294 2885 te

230 2908 393 2982 vindicasti,
409 2909 461 2970 sed
476 2908 581 2982 mollis,
598 2909 711 2983 debilis,
726 2910 831 2984 lassus,
853 2909 995 2989 tanquam
1016 2908 1168 2970 caballus
1159 2927 1192 2969 ιιι
1209 2908 1294 2983 clivo,

230 3002 259 3055 et
274 3013 392 3074 operam
417 3002 448 3055 et
435 2996 601 3058 tsndorem
617 2995 782 3076 perdidisti.
812 3009 868 3058 nec
885 3002 1042 3057 contentus
1069 2994 1133 3092 ipse
1158 3013 1293 3074 peccare,
1312 3017 1345 3067 30

230 3080 301 3142 mihi
317 3079 412 3145 deos
404 3088 495 3144 iratos
511 3079 653 3143 excitasti’

750 3187 769 3222 di
867 3210 871 3221 ,

311 3249 315 3334 Ι
335 3271 369 3314 ac
384 3271 430 3314 me
444 3251 577 3314 iterum
568 3268 601 3312 m
617 3249 719 3314 cellam
733 3248 894 3314 sacerdotis
916 3250 990 3313 nihil
1012 3257 1200 3312 recusantem
1222 3269 1294 3330 per-
1308 3255 1349 3307 Lo

229 3338 312 3400 duxit
327 3337 502 3418 impulitque
528 3335 619 3418 super
634 3340 743 3400 lectum
765 3345 796 3399 et
815 3337 1014 3400 harundinem
1028 3337 1072 3399 ab
1099 3336 1174 3398 ostio
1195 3336 1295 3415 rapuit

228 3423 394 3504 iterumque
409 3423 482 3485 nihil
497 3425 730 3504 respondentem
744 3423 893 3485 mulcavit.
924 3441 957 3484 ac
972 3421 1029 3484 nisi
1044 3423 1140 3502 primo
1161 3422 1223 3484 ictu
1239 3421 1292 3481 ha-

227 3510 322 3571 rundo
339 3516 476 3590 quassata
491 3510 638 3591 impetum
661 3509 844 3573 verberantis
868 3507 1035 3582 minuisset,
1056 3507 1181 3569 forsitan
1204 3491 1292 3569 etiam
1310 3520 1342 3568 35

298 3667 329 3718 tu
341 3665 471 3732 septinuuc
484 3664 543 3716 tun·
553 3665 675 3734 plerique.
693 3665 829 3716 vestifluus
845 3660 984 3727 Turnebus,
998 3677 1073 3729 saepe
1084 3661 1173 3714 favens
1183 3679 1230 3728 ego
1239 3667 1293 3714 ten·

228 3737 282 3784 toci
296 3735 300 3799 Ι
314 3735 368 3784 tuis
380 3735 391 3800 ΙΙ
406 3737 435 3786 11
449 3749 463 3782 o
476 3733 568 3784 Bacchi
582 3733 718 3786 Goldastus
730 3731 739 3800 ΙΙ
752 3734 783 3785 21
795 3732 876 3784 festus
892 3735 896 3798 Ι
912 3733 1011 3784 lactans
1023 3732 1042 3783 0
1054 3730 1063 3800 Ι
1077 3732 1224 3796 lbatrcque
1233 3733 1295 3783 tetri

227 3801 373 3870 interpolati
385 3799 394 3868 Ι
408 3802 620 3868 supercommune
633 3802 786 3853 Proselenos
799 3793 862 3852 enu's
880 3801 912 3852 ad
927 3801 1078 3867 Encolpium
1093 3799 1097 3866 Ι
1113 3799 1294 3851 consciderunt

227 3873 321 3922 cochei
343 3868 523 3936 {128'1nnocte
539 3871 543 3936 Ι
559 3883 605 3922 nec
618 3869 627 3937 ΙΙ
641 3871 671 3922 31
686 3869 822 3922 satriccsti
