2860 4340
217 107 258 168 74
567 59 573 80 ⁸
673 98 827 166 ervacyvu

217 221 298 332 crint,
314 259 476 340 epulaeque
492 255 529 319 ad
544 263 694 320 certamen
716 257 846 335 prolatae
867 256 1025 320 conciliant
1039 257 1185 322 hilaritate
1208 279 1284 322 con-
1303 264 1326 316 L

218 342 382 425 cordiam-l
405 349 529 406 exsonat
543 359 613 420 ergo
629 341 765 404 cautibus
785 348 883 404 totum
910 342 1069 422 navigium,
1092 352 1122 406 et
1143 345 1211 424 quia
1232 365 1284 408 re·
1298 355 1347 408 to

217 431 339 515 pentina
353 429 551 509 tranquillitas
563 427 764 490 intermiserat
777 446 908 502 cursum,
925 428 1000 490 alius
1013 428 1178 492 exultantes
1190 450 1284 511 quae·

217 519 302 580 rebat
316 515 432 578 fuscina
447 515 553 594 pisces,
569 513 642 577 alius
658 513 752 576 hamis
767 513 988 576 blandientibus
997 514 1181 578 convellebat
1195 535 1286 596 prae-

218 605 286 666 dam
300 609 526 681 repugnantem.
571 617 638 660 ecce
653 598 740 662 etiam
756 617 811 678 per
821 605 984 661 antennam
995 600 1127 680 pelagiae
1138 604 1283 664 consede·
1303 619 1319 668 5

218 697 287 752 rant
301 688 446 760 volucres,
473 703 546 766 quas
562 684 651 746 textis
672 683 889 746 harundinibus
911 685 1025 764 peritus
1047 685 1154 746 artifex
1174 687 1282 767 tetigit.

218 775 284 836 illae
298 773 415 834 viscatis
430 772 558 850 illigatae
572 768 732 830 viminibus
744 769 953 832 deferebantur
965 770 1001 831 ad
1014 789 1129 834 manus.
1163 772 1286 836 tollebat

219 860 333 940 plumas
348 876 419 920 aura
434 857 598 927 volitantes,
621 855 788 934 pinnasque
803 873 858 934 per
873 855 966 917 maria
985 856 1080 919 inanis
1096 875 1202 938 spuma
1218 867 1285 922 tor-

240 945 335 1006 uehat.

219 965 237 1026 q
303 1029 362 1090 iam
374 1027 478 1088 Lichas
489 1013 587 1088 redire
599 1044 717 1087 mecum
728 1025 761 1086 in
772 1026 1048 1106 gratiamcocperat,
1064 1026 1122 1088 iam
1131 1028 1283 1109 Tryphae·
1305 1041 1338 1094 10

219 1137 257 1180 na
273 1115 379 1176 Gitona
395 1120 525 1174 extrema
540 1118 625 1191 parte
640 1111 770 1190 potionis
794 1113 960 1191 spargebat,
983 1131 1052 1175 eum
1067 1112 1232 1194 Eumolpus
1255 1123 1287 1178 et

218 1203 284 1282 ipse
305 1201 373 1262 vino
395 1197 509 1259 solutus
530 1196 605 1259 dieta
628 1197 721 1258 voluit
745 1197 777 1258 in
799 1197 895 1260 calvos
915 1198 1132 1278 stigmososque
1153 1200 1284 1276 iaculari,

219 1289 315 1350 donec
330 1290 507 1362 consumpta
523 1282 712 1361 frigidissima
734 1283 901 1344 urbanitate
923 1283 1010 1346 rediit
1032 1284 1069 1346 ad
1083 1286 1216 1349 carmina
1230 1307 1286 1350 sua

220 1371 376 1452 coepitque
391 1368 566 1448 capillorum
582 1367 760 1446 elegidarion
776 1366 889 1430 dicere:

353 1455 444 1536 ‘quod
459 1453 555 1514 solum
570 1454 684 1515 formae
700 1453 788 1515 decus
805 1462 860 1526 est,
877 1453 1008 1517 cecidere
1022 1456 1130 1536 capilli,
1307 1474 1338 1526 15

405 1547 623 1618 vernantesque
638 1557 738 1600 comas
752 1537 849 1600 tristis
864 1539 960 1619 abegit
973 1541 1078 1602 hiems.

362 1643 442 1689 nunc
456 1625 561 1686 umbra
577 1625 688 1686 nudata
702 1643 755 1687 sua
770 1623 830 1686 iam
846 1631 1141 1704 temperantiorem,

404 1729 532 1792 areaque
548 1710 655 1772 attritis
670 1710 747 1772 ridet
762 1710 862 1772 advdta
876 1709 953 1790 pilis.

363 1819 381 1862 o
396 1799 481 1860 iadau
496 1804 600 1857 natura
616 1798 722 1859 deum:
737 1814 813 1876 quae
828 1795 924 1875 prima
939 1797 1046 1858 dedisti

405 1883 494 1945 aetati
509 1890 630 1944 nostrae
644 1881 758 1960 gaudia,
773 1880 869 1960 prima
883 1881 984 1961 rapis!

453 1968 572 2040 infelix,
588 1968 677 2029 modo
692 1966 824 2037 crinibus
839 1967 954 2029 nitebas
1039 1997 1042 2004 ‚

463 2053 583 2114 Phoebo
598 2051 749 2132 pulchrior
764 2060 794 2113 et
809 2070 911 2114 sorore
925 2051 1048 2115 Phoebi.

369 2189 374 2198 .
432 2183 435 2190 .
464 2145 494 2200 at
509 2155 591 2198 nunc
605 2137 696 2200 levior
711 2155 778 2199 aere
793 2137 839 2198 vel
853 2137 983 2200 rotundo

462 2224 542 2286 horti
557 2225 670 2296 tubere,
687 2223 767 2303 quod
783 2221 892 2284 creavit
906 2223 997 2300 unda,

460 2309 593 2372 ridentes
609 2309 684 2388 tugis
700 2316 730 2370 et
745 2309 832 2370 times
846 2309 970 2387 puellas.
1305 2323 1337 2374 ²5

463 2402 498 2455 ut
511 2401 640 2456 mortem
657 2395 743 2458 citius
757 2394 860 2456 venire
871 2394 984 2466 credas,

463 2480 539 2542 scito
549 2480 609 2544 iam
625 2480 730 2560 capitis
745 2480 857 2560 perisse
872 2478 1006 2558 partem’

152 2561 212 2622 110
305 2567 389 2646 plura
405 2566 522 2629 volebat
536 2566 680 2646 prolerre,
695 2567 793 2639 credo,
816 2571 845 2626 et
860 2565 1006 2644 ineptiora
1020 2565 1196 2645 praeteritis,
1218 2584 1289 2628 cum

220 2651 325 2714 ancilla
339 2652 531 2730 Tryphaenae
547 2652 652 2714 Gitona
666 2653 698 2714 in
713 2661 827 2731 partem
844 2651 926 2712 navis
944 2649 1115 2714 interiorem
1132 2650 1214 2713 ducit
1235 2669 1287 2712 oc-

220 2737 395 2816 rymbioque
410 2737 547 2799 dominae
561 2737 647 2816 pueri
662 2738 787 2800 adornat
801 2744 899 2816 caput.
924 2736 1017 2797 immo
1029 2735 1184 2816 supercilia
1195 2735 1287 2801 etiam
1305 2752 1337 2804 ³0

219 2823 332 2904 profert
348 2823 384 2883 de
399 2822 503 2901 pyxide
518 2821 650 2902 sciteque
665 2822 795 2885 iacturae
810 2823 992 2885 lineamenta
1007 2830 1109 2882 secuta
1118 2829 1222 2884 totam
1238 2822 1287 2884 illi

221 2911 348 2972 formam
363 2927 448 2968 suam
464 2907 599 2972 reddidit.
629 2909 749 2986 agnovit
762 2907 936 2987 Tryphaena
951 2925 1055 2971 verum
1068 2907 1183 2980 Gitona,
1198 2907 1286 2970 lacri-

221 2993 336 3073 misque
348 2992 465 3055 turbata
478 3003 555 3058 tunc,
565 2993 696 3073 primum
703 2994 781 3055 bona
794 2993 853 3054 fide
864 3011 957 3072 puero
964 2991 1083 3064 basium
1094 2992 1185 3056 dedit.
1205 2989 1209 3072 Ι
1231 3012 1286 3072 ego
1304 2991 1325 3044 h

221 3079 350 3142 etiamsi
358 3078 524 3158 repositum
539 3079 571 3140 in
579 3079 1020 3159 pristinumdecorempuerurn
1028 3078 1200 3157 gaudebam,
1209 3079 1286 3140 *abs-

221 3165 386 3228 condebam
407 3172 508 3226 tamen
528 3164 713 3243 frequentius
735 3165 849 3228 vultum
869 3163 1136 3243 intellegebamque
1161 3181 1208 3224 me
1223 3181 1286 3226 non
1304 3171 1337 3224 35

219 3249 361 3312 tralaticia
374 3249 563 3314 deformitate
576 3269 641 3312 esse
653 3250 841 3327 insignitum,
856 3269 946 3329 quem
961 3249 1090 3329 alloquio
1106 3249 1229 3328 dignum
1247 3267 1288 3314 ne

219 3337 324 3398 Lichas
341 3335 461 3416 quidem
478 3336 619 3408 crederet.
654 3336 705 3398 sed
720 3336 790 3398 huic
801 3335 939 3398 tristitiae
952 3335 1055 3398 eadem
1070 3335 1118 3398 illa
1138 3336 1287 3398 succurrit

221 3421 333 3494 aneilla,
348 3428 580 3502 sevocatumque
599 3441 646 3484 rne
666 3439 729 3482 non
740 3421 841 3486 minus
862 3421 970 3483 decoro
990 3420 1145 3484 exornavit
1165 3421 1286 3501 capilla-

290 3653 302 3702 1
315 3648 447 3700 hilaritate
461 3648 598 3700 concilium
610 3647 620 3716 ll
633 3649 648 3698 3
661 3646 771 3700 feriebat
783 3650 877 3700 mntem
887 3645 925 3713 lli
941 3646 1109 3712 compellebat
1122 3647 1238 3702 nonnulli
1252 3665 1287 3699 ecc

222 3718 241 3768 0
254 3716 263 3783 ll
279 3719 310 3770 14
321 3718 346 3766 in
359 3717 465 3782 capillos
478 3733 538 3768 suos
550 3717 572 3770 L
585 3717 594 3786 ll
608 3721 767 3771 lbsummuua
778 3717 914 3782 [terdega'a.
926 3717 1040 3782 fortusse
1051 3715 1160 3768 solidum
1173 3713 1182 3784 ll
1198 3715 1229 3766 18
1241 3717 1287 3768 ad-

219 3794 276 3838 usto
290 3784 300 3852 ll
313 3786 346 3836 24
358 3786 438 3838 imber
449 3786 556 3838 Iahnius
568 3784 577 3853 l
591 3788 623 3838 28
642 3787 794 3852 praeteritis
810 3787 933 3838 insonum
945 3785 954 3853 ll
966 3785 1001 3838 38
1018 3790 1202 3850 evocatumque
