2860 4340
585 129 729 192 sarman
1152 141 1201 204 73²

79 303 101 354 t
123 297 195 364 sine
206 301 306 357 morte
320 294 470 367 mantua,
492 295 592 375 plures
617 295 736 357 oruerrti
754 295 930 357 vulneribus
951 298 1086 356 reterunt
1106 294 1197 356 veluti

124 398 162 449 ex
176 381 294 462 proelio
308 382 426 462 pedem,
442 395 500 442 nee
515 389 615 442 tamen
630 380 805 460 cuiusquam
821 382 864 442 ira
880 383 1002 442 laratnr.
1046 387 1119 442 tunc
1132 385 1196 442 ior·
1276 443 1277 448 ,

124 468 266 534 tissimus·
277 465 430 531 olonzac
441 465 534 528 virilia
556 483 609 527 sna
623 466 758 528 admovit
776 467 948 527 novaculam
966 467 1116 539 intestam,
1138 467 1196 527 mi·

124 561 218 619 natos
233 570 265 614 se
280 553 467 614 arsenarum
488 559 534 613 tot
548 552 736 613 miseriorum
759 569 890 622 oausam,
913 551 1098 631 inhibuitque
1120 551 1194 631 lnp-

92 656 107 705 5
124 643 246 723 pmcne
259 646 324 699 tam
336 637 448 716 grande
462 638 576 698 lacinus
596 653 658 698 non
674 637 859 699 dissimulata
881 637 1032 698 missione.
1077 637 1194 717 saepius

125 745 187 808 ego
197 725 326 784 cultrum
338 723 507 785 tonsorium
523 723 763 804 superiugulnm
783 739 885 783 meum
900 722 996 802 posui,
1018 741 1080 784 non
1102 723 1195 802 magis

126 830 177 875 me
192 809 355 881 occisurus,
371 825 460 888 quam
477 807 576 880 Giton,
591 809 672 887 quod
687 809 866 880 minabatur,
881 808 1021 869 faemrus.
1053 808 1194 871 audacius

125 907 231 961 tamen
244 894 293 955 ille
307 892 490 972 tragoediam
505 893 657 972 implebat,
673 894 741 973 quia
752 893 866 956 sciebat
880 913 912 954 so
923 891 1003 954 illam
1016 892 1194 954 habereno-

73 983 271 1051 novaculam,
287 979 416 1059 quoiam
432 978 487 1040 sihi
495 978 637 1040 cervicem
650 976 864 1058 praeciderat!
885 984 982 1040 stante
990 997 1060 1058 ergo
1069 987 1195 1059 utraque

79 1077 110 1128 to
126 1069 199 1140 acie,
216 1082 285 1127 cum
301 1070 458 1144 appareret
468 1063 604 1124 laturum
620 1081 682 1125 non
697 1063 874 1125 tralaticium
895 1063 1015 1136 bellum,
1037 1080 1122 1142 aegre
1145 1085 1197 1126 ex-

125 1150 272 1236 pugnarit
287 1149 478 1228 gob'emator,
499 1156 534 1209 ut
547 1149 751 1210 caduceatoris
773 1166 855 1210 more
878 1149 1053 1228 tryphaona
1068 1150 1198 1212 indutias

125 1245 249 1303 taceret.
284 1237 350 1299 data
366 1251 436 1312 ergo
450 1241 628 1314 acceptaque
643 1251 679 1296 ex
694 1251 778 1296 mere
793 1235 888 1314 patrio
900 1235 959 1295 tide
970 1235 1136 1315 praetendit
1147 1253 1197 1298 ra-

126 1341 213 1388 mum
229 1323 309 1383 oleae
330 1339 345 1381 a
366 1321 459 1381 tutela
474 1319 582 1398 navigii
597 1327 725 1400 raptum,
753 1328 842 1399 atque
857 1321 1081 1400 in'oollocpuium
1096 1321 1198 1383 venire

128 1427 203 1474 ausa

81 1508 110 1558 15
264 1486 341 1572 ‘quis
355 1487 449 1551 furor*
467 1489 610 1551 exclamat
625 1495 739 1570 ‘paoem
755 1490 900 1552 convertit
914 1491 948 1550 in
961 1487 1065 1552 armo?

274 1576 343 1656 quid
359 1582 481 1637 nostrae
496 1591 632 1636 mernere
648 1573 780 1638 manus?
803 1593 863 1637 non
878 1576 985 1637 Troius
1000 1576 1089 1638 heros

277 1662 333 1722 hac
346 1661 378 1721 in
393 1661 488 1722 classe
502 1660 584 1722 vehit
598 1661 716 1741 decepti
730 1661 838 1741 pignus
853 1661 982 1733 Amase,

275 1765 333 1808 nec
345 1746 448 1807 Medea
462 1746 569 1807 tureos
585 1741 720 1807 fraterno
736 1746 881 1824 sanguine
896 1754 1017 1825 pugnat.
1044 1757 1048 1764 ’

274 1832 326 1893 sed
342 1839 532 1911 contemptus
547 1844 632 1892 amor
645 1832 726 1892 vires·
738 1832 834 1893 habet
865 1832 892 1892 oi
907 1831 980 1892 mihi
996 1832 1055 1893 iata

273 1917 329 1978 lros
344 1917 423 1978 inter
437 1917 544 1978 ssnetns
556 1917 623 1996 qaris
638 1917 731 1996 raptis
747 1925 848 1979 evocat
860 1913 977 1979 armis?

274 2002 322 2063 oui
336 2020 398 2064 non
413 2010 457 2063 est
471 2018 557 2064 mors
569 2000 739 2064 unesatis?
753 2019 792 2064 ne
806 2003 915 2064 vincte
927 2011 1053 2084 pontum

274 2087 499 2168 grugitibustpue
513 2087 589 2148 ieris
600 2087 672 2149 alios
686 2088 831 2169 imponite
847 2088 975 2150 tinctus)

204 2173 280 2235 haec
291 2182 324 2235 nt
334 2173 595 2234 turbatoclamore
606 2173 714 2234 mulier
726 2175 837 2248 effodi,
855 2174 950 2236 haesit
959 2173 1110 2254 paulisper
1121 2172 1197 2237 acics
1208 2175 1268 2236 109

128 2266 344 2338 revocataeque
359 2258 396 2318 ad
411 2275 515 2337 pacem
526 2273 634 2320 manns
646 2259 833 2322 intermisere
841 2259 962 2320 belham.
989 2260 1196 2340 utiturpoeni-

82 2351 115 2402 te
132 2345 246 2406 tentiae
261 2344 415 2406 occasione
431 2345 490 2405 dur
505 2343 1198 2425 Eumolposetcastigatoantovehetnentissime

126 2430 219 2492 Licha
234 2429 350 2491 tabulas
371 2428 501 2490 foederis
523 2429 630 2508 signat,
658 2431 726 2509 qais
746 2431 821 2492 haec
840 2431 969 2492 formula
989 2440 1066 2492 erat:
1094 2437 1140 2490 ‘ex
1154 2432 1199 2492 tui

127 2515 221 2576 animi
237 2515 394 2588 sententia,
410 2524 444 2576 ut
458 2521 501 2587 tn,
517 2514 701 2594 Tryphaena,
721 2533 822 2595 neque
835 2515 973 2577 iniuriam
990 2515 1044 2577 tibi
1058 2515 1165 2576 factam
1182 2537 1197 2578 a

128 2601 237 2663 Gitone
305 2599 407 2670 ererin
436 2615 539 2679 neque
561 2599 587 2660 si
612 2600 688 2678 quid
710 2607 781 2661 ante
808 2601 890 2662 hunc
910 2601 989 2662 diem
1005 2601 1116 2662 tactum
1143 2610 1197 2673 est,

128 2685 242 2746 ultimos
307 2684 455 2746 dicabisve
473 2692 525 2746 ant
537 2685 598 2746 ullo
614 2685 795 2765 alio'genere
808 2687 1050 2766 persequendum
1066 2685 1200 2762 curabis3

77 2780 109 2831 :to
127 2779 165 2833 ut
178 2778 211 2831 tu
225 2771 303 2832 nihil
313 2771 475 2850 imperabis
490 2787 585 2851 puero
598 2772 786 2851 repugnanti,
802 2787 862 2832 non
878 2772 1055 2852 amplexum,
1070 2788 1132 2832 non
1148 2789 1200 2833 os-

129 2857 242 2928 culum,
257 2873 320 2918 nen
335 2856 447 2917 coitum
458 2870 568 2918 renem
582 2857 788 2930 constrictum,
804 2857 861 2920 nisi
877 2873 1001 2938 proque
1012 2875 1045 2918 re
1056 2875 1199 2937 praesen-

126 2951 177 3003 tes
193 2941 399 3003 numeraveris
421 2941 560 3003 denarios
581 2949 713 3003 centum.
756 2943 838 3015 item
861 2941 960 3013 Licha,
986 2961 1021 3004 ex
1039 2944 1084 3004 tui
1106 2943 1200 3005 animi

127 3026 287 3097 sententia,
313 3034 347 3087 ut
367 3033 401 3088 tu
423 3027 588 3106 Encolpion
610 3045 667 3089 neo
680 3027 775 3089 verbo
795 3029 1009 3091 contumelioso
1031 3029 1199 3108 insequeris

128 3130 187 3174 noe
208 3112 300 3185 vultu,
324 3127 422 3192 neque
438 3111 628 3192 quaeresotu
643 3120 734 3174 nocte
747 3113 883 3186 dormiat,
910 3121 962 3174 aut
982 3115 1008 3175 si
1023 3114 1194 3194 quaesieris,

76 3217 108 3267 35
129 3197 327 3279 prostragulis
342 3197 458 3259 iniuriis
469 3197 642 3260 numerabis
657 3207 830 3278 praesentes
845 3199 984 3260 denarios
1000 3199 1154 3260 dueonosff'
1166 3201 1198 3260 in

89 3287 109 3338 t
127 3285 204 3344 leaeo
218 3283 308 3344 rerba
323 3281 493 3344 foederibus
506 3284 678 3362 compositis
693 3300 775 3346 arma
789 3283 968 3365 deponimus
990 3283 994 3366 Ι
1013 3293 1043 3346 et
1063 3301 1103 3345 ne
1123 3285 1200 3345 resi-

129 3369 235 3432 douln
251 3367 360 3430 animis
376 3369 464 3429 etiam
480 3376 549 3448 post
562 3367 771 3431 iusiurandum
787 3370 829 3432 iro
845 3378 1023 3442 remaneret,
1039 3370 1200 3450 praeterita

127 3451 241 3516 aboleri
261 3454 370 3515 osculis
392 3454 498 3534 placet.
544 3455 769 3516 exhortantilt'ns
791 3455 939 3517 universis
960 3455 1025 3517 odia
1047 3457 1199 3516 detumes-

199 3679 347 3732 snneum
359 3677 369 3745 p
387 3677 609 3746 ostentmst·
623 3679 816 3730 consectatae
830 3678 963 3746 amp
983 3680 1016 3730 to
1032 3695 1080 3730 aaa
1094 3655 1198 3731 acuita-

127 3749 197 3830 non
207 3745 230 3800 L
242 3747 252 3816 ll
266 3748 297 3799 tt
309 3748 440 3830 protendit
451 3747 506 3867 &13
519 3747 732 3841 olivaemnoelli
745 3763 780 3798 ote
798 3745 818 3798 O
836 3747 839 3816 i
855 3751 885 3801 16
898 3749 991 3831 'lfaoius
1008 3750 1091 3801 hostis
1110 3747 1151 3815 bii
1168 3749 1198 3799 ¹9

129 3818 228 3868 etmihi
241 3817 253 3884 l}
263 3816 296 3867 rt
308 3817 439 3868 tutotuto
486 3815 542 3884 iiiii
552 3819 656 3868 motata
668 3817 813 3870 morardus
847 3817 1007 3884 dematquetl
1019 3815 1028 3883 ll
1041 3818 1073 3869 26
1079 3819 1199 3886 sortasse

128 3886 203 3937 cuius
217 3883 226 3952 ll
240 3886 272 3936 28
285 3886 401 3953 queraris
415 3883 423 3952 ΙΙ
437 3885 469 3935 35
482 3886 605 3938 ducentos
616 3886 677 3937 litet
684 3890 789 3954 praem
801 3885 1052 3938 Automedontem
