<?xml version="1.0" encoding="UTF-8"?>
<!DOCTYPE html PUBLIC "-//W3C//DTD XHTML 1.0 Transitional//EN"
    "http://www.w3.org/TR/xhtml1/DTD/xhtml1-transitional.dtd">
<html xmlns="http://www.w3.org/1999/xhtml" xml:lang="en" lang="en">
 <head>
  <title>
</title>
<meta http-equiv="Content-Type" content="text/html;charset=utf-8" />
  <meta name='ocr-system' content='tesseract 3.04.00' />
  <meta name='ocr-capabilities' content='ocr_page ocr_carea ocr_par ocr_line ocrx_word'/>
</head>
<body>
  <div class='ocr_page' id='page_1' title='image "./satiraeetliberp00buecgoog_0194.png"; bbox 0 0 2838 4348; ppageno 0'>
   <div class='ocr_carea' id='block_1_1' title="bbox 9 407 33 467">
    <p class='ocr_par' dir='ltr' id='par_1_1' title="bbox 9 407 33 467">
     <span class='ocr_line' id='line_1_1' title="bbox 9 407 33 467; baseline -0.208 0"><span class='ocrx_word' id='word_1_1' title='bbox 9 407 33 467; x_wconf 74' lang='lat' dir='ltr'>ir:</span> 
     </span>
    </p>
   </div>
   <div class='ocr_carea' id='block_1_2' title="bbox 600 29 1300 146">
    <p class='ocr_par' dir='ltr' id='par_1_2' title="bbox 600 29 1300 146">
     <span class='ocr_line' id='line_1_2' title="bbox 600 29 1300 146; baseline 0.016 -11"><span class='ocrx_word' id='word_1_2' title='bbox 600 79 769 137; x_wconf 73' lang='lat' dir='ltr'>vennonrs</span> <span class='ocrx_word' id='word_1_3' title='bbox 1160 82 1220 146; x_wconf 84' lang='lat'>183</span> <span class='ocrx_word' id='word_1_4' title='bbox 1294 29 1300 40; x_wconf 29' lang='grc' dir='ltr'><strong><em>ι</em></strong></span> 
     </span>
    </p>
   </div>
   <div class='ocr_carea' id='block_1_3' title="bbox 146 237 1298 506">
    <p class='ocr_par' dir='ltr' id='par_1_3' title="bbox 146 237 1298 506">
     <span class='ocr_line' id='line_1_3' title="bbox 259 237 1298 418; baseline 0.003 -19"><span class='ocrx_word' id='word_1_5' title='bbox 259 345 363 400; x_wconf 89' lang='lat' dir='ltr'>eontra</span> <span class='ocrx_word' id='word_1_6' title='bbox 377 339 424 400; x_wconf 81' lang='lat' dir='ltr'>lex</span> <span class='ocrx_word' id='word_1_7' title='bbox 438 336 550 400; x_wconf 87' lang='lat' dir='ltr'>Maenia</span> <span class='ocrx_word' id='word_1_8' title='bbox 566 344 612 399; x_wconf 88' lang='lat' dir='ltr'>est</span> <span class='ocrx_word' id='word_1_9' title='bbox 626 237 792 418; x_wconf 49' lang='lat' dir='ltr'>irylpiritite</span> <span class='ocrx_word' id='word_1_10' title='bbox 808 355 847 398; x_wconf 91' lang='lat' dir='ltr'>ne</span> <span class='ocrx_word' id='word_1_11' title='bbox 858 336 909 398; x_wconf 88' lang='lat' dir='ltr'>filii</span> <span class='ocrx_word' id='word_1_12' title='bbox 919 334 1055 417; x_wconf 88' lang='lat' dir='ltr'>patribus</span> <span class='ocrx_word' id='word_1_13' title='bbox 1071 334 1128 396; x_wconf 90' lang='lat' dir='ltr'>luoi</span> <span class='ocrx_word' id='word_1_14' title='bbox 1144 309 1223 396; x_wconf 88' lang='lat' dir='ltr'>olaro</span> <span class='ocrx_word' id='word_1_15' title='bbox 1245 350 1298 402; x_wconf 78' lang='lat'>238</span> 
     </span>
     <span class='ocr_line' id='line_1_4' title="bbox 146 424 432 506; baseline -0.017 -16"><span class='ocrx_word' id='word_1_16' title='bbox 146 424 317 506; x_wconf 83' lang='lat' dir='ltr'>suggillent</span> <span class='ocrx_word' id='word_1_17' title='bbox 332 424 432 486; x_wconf 85' lang='lat' dir='ltr'>oeulos</span> 
     </span>
    </p>
   </div>
   <div class='ocr_carea' id='block_1_4' title="bbox 151 508 1294 774">
    <p class='ocr_par' dir='ltr' id='par_1_4' title="bbox 151 508 1294 774">
     <span class='ocr_line' id='line_1_5' title="bbox 632 508 731 570; baseline -0.02 0"><span class='ocrx_word' id='word_1_18' title='bbox 632 508 683 570; x_wconf 88' lang='lat' dir='ltr'>VH</span> <span class='ocrx_word' id='word_1_19' title='bbox 711 508 731 568; x_wconf 91' lang='grc'>4</span> 
     </span>
     <span class='ocr_line' id='line_1_6' title="bbox 260 511 1294 690; baseline 0.002 -19"><span class='ocrx_word' id='word_1_20' title='bbox 260 610 299 671; x_wconf 88' lang='lat' dir='ltr'>ad</span> <span class='ocrx_word' id='word_1_21' title='bbox 313 608 438 671; x_wconf 84' lang='lat' dir='ltr'>biviram</span> <span class='ocrx_word' id='word_1_22' title='bbox 455 608 549 670; x_wconf 88' lang='lat' dir='ltr'>venio.</span> <span class='ocrx_word' id='word_1_23' title='bbox 566 627 633 671; x_wconf 88' lang='lat' dir='ltr'>oum</span> <span class='ocrx_word' id='word_1_24' title='bbox 645 511 749 670; x_wconf 52' lang='lat' dir='ltr'>vellitis</span> <span class='ocrx_word' id='word_1_25' title='bbox 760 609 930 680; x_wconf 78' lang='lat' dir='ltr'>ostendere,</span> <span class='ocrx_word' id='word_1_26' title='bbox 946 608 1016 690; x_wconf 90' lang='lat' dir='ltr'>quid</span> <span class='ocrx_word' id='word_1_27' title='bbox 1029 608 1145 684; x_wconf 83' lang='lat' dir='ltr'>vellem,</span> <span class='ocrx_word' id='word_1_28' title='bbox 1159 606 1220 668; x_wconf 87' lang='lat' dir='ltr'>lle-</span> <span class='ocrx_word' id='word_1_29' title='bbox 1243 622 1294 673; x_wconf 84' lang='lat'>239</span> 
     </span>
     <span class='ocr_line' id='line_1_7' title="bbox 151 694 884 774; baseline -0.007 -14"><span class='ocrx_word' id='word_1_30' title='bbox 151 697 284 760; x_wconf 77' lang='lat' dir='ltr'>romolos</span> <span class='ocrx_word' id='word_1_31' title='bbox 300 695 521 757; x_wconf 81' lang='lat' dir='ltr'>Inconstantiae</span> <span class='ocrx_word' id='word_1_32' title='bbox 537 694 613 756; x_wconf 89' lang='lat' dir='ltr'>lilius</span> <span class='ocrx_word' id='word_1_33' title='bbox 629 712 677 755; x_wconf 90' lang='lat' dir='ltr'>me</span> <span class='ocrx_word' id='word_1_34' title='bbox 692 694 884 774; x_wconf 85' lang='lat' dir='ltr'>reprehendit</span> 
     </span>
    </p>
   </div>
   <div class='ocr_carea' id='block_1_5' title="bbox 261 787 1297 979">
    <p class='ocr_par' dir='ltr' id='par_1_5' title="bbox 261 787 1297 979">
     <span class='ocr_line' id='line_1_8' title="bbox 621 787 794 860; baseline 0 0"><span class='ocrx_word' id='word_1_35' title='bbox 621 796 686 860; x_wconf 89' lang='lat' dir='ltr'>Vlll</span> <span class='ocrx_word' id='word_1_36' title='bbox 721 797 740 860; x_wconf 82' lang='lat'>8</span> <span class='ocrx_word' id='word_1_37' title='bbox 789 787 794 800; x_wconf 81' lang='grc'>’</span> 
     </span>
     <span class='ocr_line' id='line_1_9' title="bbox 261 801 1297 979; baseline -0.001 -18"><span class='ocrx_word' id='word_1_38' title='bbox 261 899 345 978; x_wconf 83' lang='lat' dir='ltr'>signa</span> <span class='ocrx_word' id='word_1_39' title='bbox 355 917 437 961; x_wconf 89' lang='lat' dir='ltr'>saera</span> <span class='ocrx_word' id='word_1_40' title='bbox 450 917 516 960; x_wconf 90' lang='lat' dir='ltr'>esse</span> <span class='ocrx_word' id='word_1_41' title='bbox 531 897 691 972; x_wconf 88' lang='lat' dir='ltr'>desierunt,</span> <span class='ocrx_word' id='word_1_42' title='bbox 707 801 810 976; x_wconf 50' lang='lat' dir='ltr'>isoitea</span> <span class='ocrx_word' id='word_1_43' title='bbox 822 897 1054 979; x_wconf 87' lang='lat' dir='ltr'>quamhomines</span> <span class='ocrx_word' id='word_1_44' title='bbox 1066 904 1138 959; x_wconf 88' lang='lat' dir='ltr'>sunt</span> <span class='ocrx_word' id='word_1_45' title='bbox 1148 899 1227 958; x_wconf 80' lang='lat' dir='ltr'>socri</span> <span class='ocrx_word' id='word_1_46' title='bbox 1248 912 1297 963; x_wconf 83' lang='lat'>240</span> 
     </span>
    </p>
   </div>
   <div class='ocr_carea' id='block_1_6' title="bbox 149 986 760 1145">
    <p class='ocr_par' dir='ltr' id='par_1_6' title="bbox 149 986 760 1145">
     <span class='ocr_line' id='line_1_10' title="bbox 149 986 231 1049; baseline -0.012 0"><span class='ocrx_word' id='word_1_47' title='bbox 149 986 231 1049; x_wconf 76' lang='lat' dir='ltr'>faeti</span> 
     </span>
     <span class='ocr_line' id='line_1_11' title="bbox 624 1067 760 1145; baseline -0.022 -14"><span class='ocrx_word' id='word_1_48' title='bbox 624 1067 701 1131; x_wconf 87' lang='lat' dir='ltr'>Vllll</span> <span class='ocrx_word' id='word_1_49' title='bbox 716 1067 760 1145; x_wconf 79' lang='lat'>(9)</span> 
     </span>
    </p>
   </div>
   <div class='ocr_carea' id='block_1_7' title="bbox 150 1155 1296 1337">
    <p class='ocr_par' dir='ltr' id='par_1_7' title="bbox 150 1155 1296 1337">
     <span class='ocr_line' id='line_1_12' title="bbox 262 1155 1296 1251; baseline -0.002 -20"><span class='ocrx_word' id='word_1_50' title='bbox 262 1187 359 1251; x_wconf 89' lang='lat' dir='ltr'>neque</span> <span class='ocrx_word' id='word_1_51' title='bbox 374 1155 406 1230; x_wconf 78' lang='lat' dir='ltr'>in</span> <span class='ocrx_word' id='word_1_52' title='bbox 419 1171 498 1234; x_wconf 85' lang='lat' dir='ltr'>bona</span> <span class='ocrx_word' id='word_1_53' title='bbox 518 1175 616 1248; x_wconf 83' lang='lat' dir='ltr'>segete</span> <span class='ocrx_word' id='word_1_54' title='bbox 636 1168 751 1232; x_wconf 88' lang='lat' dir='ltr'>nullum</span> <span class='ocrx_word' id='word_1_55' title='bbox 770 1177 815 1231; x_wconf 89' lang='lat' dir='ltr'>est</span> <span class='ocrx_word' id='word_1_56' title='bbox 834 1169 948 1251; x_wconf 86' lang='lat' dir='ltr'>spicum</span> <span class='ocrx_word' id='word_1_57' title='bbox 969 1188 1107 1249; x_wconf 89' lang='lat' dir='ltr'>nequam,</span> <span class='ocrx_word' id='word_1_58' title='bbox 1128 1187 1225 1250; x_wconf 88' lang='lat' dir='ltr'>neque</span> <span class='ocrx_word' id='word_1_59' title='bbox 1249 1185 1296 1238; x_wconf 82' lang='lat'>241</span> 
     </span>
     <span class='ocr_line' id='line_1_13' title="bbox 150 1253 621 1337; baseline -0.008 -17"><span class='ocrx_word' id='word_1_60' title='bbox 150 1259 189 1320; x_wconf 89' lang='lat' dir='ltr'>in</span> <span class='ocrx_word' id='word_1_61' title='bbox 205 1257 283 1318; x_wconf 92' lang='lat' dir='ltr'>mala</span> <span class='ocrx_word' id='word_1_62' title='bbox 298 1274 362 1319; x_wconf 91' lang='lat' dir='ltr'>non</span> <span class='ocrx_word' id='word_1_63' title='bbox 377 1255 494 1337; x_wconf 77' lang='lat' dir='ltr'>aliquod</span> <span class='ocrx_word' id='word_1_64' title='bbox 506 1253 621 1318; x_wconf 88' lang='lat' dir='ltr'>honum</span> 
     </span>
    </p>
   </div>
   <div class='ocr_carea' id='block_1_8' title="bbox 580 1409 824 1562">
    <p class='ocr_par' dir='ltr' id='par_1_8' title="bbox 580 1409 824 1562">
     <span class='ocr_line' id='line_1_14' title="bbox 580 1409 824 1484; baseline -0.004 -19"><span class='ocrx_word' id='word_1_65' title='bbox 580 1409 824 1484; x_wconf 72' lang='lat' dir='ltr'>noronnxrn·</span> 
     </span>
     <span class='ocr_line' id='line_1_15' title="bbox 691 1501 704 1562; baseline 0 0"><span class='ocrx_word' id='word_1_66' title='bbox 691 1501 704 1562; x_wconf 92' lang='lat'><em>1</em></span> 
     </span>
    </p>
   </div>
   <div class='ocr_carea' id='block_1_9' title="bbox 158 1599 1299 2143">
    <p class='ocr_par' dir='ltr' id='par_1_9' title="bbox 314 1599 1298 1766">
     <span class='ocr_line' id='line_1_16' title="bbox 314 1599 1298 1682; baseline 0.001 -21"><span class='ocrx_word' id='word_1_67' title='bbox 314 1601 388 1662; x_wconf 91' lang='lat' dir='ltr'>haee</span> <span class='ocrx_word' id='word_1_68' title='bbox 402 1599 548 1680; x_wconf 74' lang='lat' dir='ltr'>linigerae</span> <span class='ocrx_word' id='word_1_69' title='bbox 563 1601 721 1664; x_wconf 81' lang='lat' dir='ltr'>detonderi</span> <span class='ocrx_word' id='word_1_70' title='bbox 736 1600 836 1663; x_wconf 88' lang='lat' dir='ltr'>doouit</span> <span class='ocrx_word' id='word_1_71' title='bbox 851 1600 1044 1682; x_wconf 89' lang='lat' dir='ltr'>tunioareqne</span> <span class='ocrx_word' id='word_1_72' title='bbox 1059 1599 1226 1662; x_wconf 82' lang='lat' dir='ltr'>homdllum</span> <span class='ocrx_word' id='word_1_73' title='bbox 1249 1611 1298 1664; x_wconf 79' lang='lat'>242</span> 
     </span>
     <span class='ocr_line' id='line_1_17' title="bbox 660 1703 709 1766; baseline 0 -32"><span class='ocrx_word' id='word_1_74' title='bbox 660 1703 709 1766; x_wconf 78' lang='lat' dir='ltr'>ss*</span> 
     </span>
    </p>

    <p class='ocr_par' dir='ltr' id='par_1_10' title="bbox 158 1797 1299 2143">
     <span class='ocr_line' id='line_1_18' title="bbox 262 1797 1299 1888; baseline -0.001 -23"><span class='ocrx_word' id='word_1_75' title='bbox 262 1804 405 1884; x_wconf 77' lang='lat' dir='ltr'>Epicurei]</span> <span class='ocrx_word' id='word_1_76' title='bbox 422 1805 518 1866; x_wconf 81' lang='lat' dir='ltr'>diceet</span> <span class='ocrx_word' id='word_1_77' title='bbox 533 1823 675 1866; x_wconf 80' lang='lat' dir='ltr'>summum</span> <span class='ocrx_word' id='word_1_78' title='bbox 691 1803 796 1865; x_wconf 81' lang='lat' dir='ltr'>donem</span> <span class='ocrx_word' id='word_1_79' title='bbox 811 1797 941 1888; x_wconf 78' lang='grc' dir='ltr'><em>ἡδονήν,</em></span> <span class='ocrx_word' id='word_1_80' title='bbox 957 1803 1044 1866; x_wconf 78' lang='lat' dir='ltr'>Stoici</span> <span class='ocrx_word' id='word_1_81' title='bbox 1056 1805 1131 1866; x_wconf 78' lang='lat' dir='ltr'>tane</span> <span class='ocrx_word' id='word_1_82' title='bbox 1143 1806 1228 1885; x_wconf 70' lang='lat' dir='ltr'>quiae</span> <span class='ocrx_word' id='word_1_83' title='bbox 1250 1814 1299 1864; x_wconf 83' lang='grc'>243</span> 
     </span>
     <span class='ocr_line' id='line_1_19' title="bbox 158 1886 1229 1974; baseline -0.001 -22"><span class='ocrx_word' id='word_1_84' title='bbox 158 1901 185 1952; x_wconf 85' lang='lat' dir='ltr'>et</span> <span class='ocrx_word' id='word_1_85' title='bbox 200 1894 329 1970; x_wconf 73' lang='grc' dir='ltr'><strong><em>ααρανὶα</em></strong></span> <span class='ocrx_word' id='word_1_86' title='bbox 344 1889 487 1952; x_wconf 81' lang='lat' dir='ltr'>libidinem</span> <span class='ocrx_word' id='word_1_87' title='bbox 503 1895 704 1962; x_wconf 67' lang='lat' dir='ltr'>criminantur,</span> <span class='ocrx_word' id='word_1_88' title='bbox 722 1892 832 1968; x_wconf 67' lang='lat' dir='ltr'>[voum</span> <span class='ocrx_word' id='word_1_89' title='bbox 842 1889 895 1967; x_wconf 78' lang='lat' dir='ltr'>ille]</span> <span class='ocrx_word' id='word_1_90' title='bbox 909 1886 967 1972; x_wconf 75' lang='grc' dir='ltr'>τὴν</span> <span class='ocrx_word' id='word_1_91' title='bbox 979 1886 1162 1974; x_wconf 79' lang='grc' dir='ltr'><strong><em>ἀταραξίαν</em></strong></span> <span class='ocrx_word' id='word_1_92' title='bbox 1172 1891 1229 1974; x_wconf 80' lang='grc' dir='ltr'>τῆς</span> 
     </span>
     <span class='ocr_line' id='line_1_20' title="bbox 159 1976 1229 2058; baseline 0 -20"><span class='ocrx_word' id='word_1_93' title='bbox 159 1977 282 2058; x_wconf 75' lang='grc' dir='ltr'><strong><em>ψυχῆς,</em></strong></span> <span class='ocrx_word' id='word_1_94' title='bbox 313 1976 363 2038; x_wconf 80' lang='lat' dir='ltr'>doe</span> <span class='ocrx_word' id='word_1_95' title='bbox 384 1987 424 2038; x_wconf 88' lang='lat' dir='ltr'>est</span> <span class='ocrx_word' id='word_1_96' title='bbox 447 1977 519 2038; x_wconf 76' lang='lat' dir='ltr'>nillil</span> <span class='ocrx_word' id='word_1_97' title='bbox 544 1981 642 2038; x_wconf 84' lang='lat' dir='ltr'>timere</span> <span class='ocrx_word' id='word_1_98' title='bbox 663 1994 714 2037; x_wconf 82' lang='lat' dir='ltr'>ner</span> <span class='ocrx_word' id='word_1_99' title='bbox 735 1994 844 2055; x_wconf 82' lang='lat' dir='ltr'>repere,</span> <span class='ocrx_word' id='word_1_100' title='bbox 872 1995 1016 2038; x_wconf 77' lang='lat' dir='ltr'>sommam</span> <span class='ocrx_word' id='word_1_101' title='bbox 1043 1977 1148 2047; x_wconf 79' lang='lat' dir='ltr'>donem</span> <span class='ocrx_word' id='word_1_102' title='bbox 1172 1997 1229 2039; x_wconf 83' lang='lat' dir='ltr'>esse</span> 
     </span>
     <span class='ocr_line' id='line_1_21' title="bbox 161 2057 1028 2143; baseline 0.001 -20"><span class='ocrx_word' id='word_1_103' title='bbox 161 2062 273 2140; x_wconf 76' lang='lat' dir='ltr'>[aientl.</span> <span class='ocrx_word' id='word_1_104' title='bbox 303 2062 379 2124; x_wconf 80' lang='lat' dir='ltr'>eade</span> <span class='ocrx_word' id='word_1_105' title='bbox 399 2063 490 2124; x_wconf 79' lang='lat' dir='ltr'>Varro</span> <span class='ocrx_word' id='word_1_106' title='bbox 506 2063 572 2124; x_wconf 84' lang='lat' dir='ltr'>dieit</span> <span class='ocrx_word' id='word_1_107' title='bbox 586 2057 787 2143; x_wconf 76' lang='grc' dir='ltr'><strong><em>λογομαχίαν</em></strong></span> <span class='ocrx_word' id='word_1_108' title='bbox 801 2067 877 2124; x_wconf 81' lang='lat' dir='ltr'>ieter</span> <span class='ocrx_word' id='word_1_109' title='bbox 891 2063 956 2125; x_wconf 81' lang='lat' dir='ltr'>illos</span> <span class='ocrx_word' id='word_1_110' title='bbox 971 2081 1028 2124; x_wconf 83' lang='lat' dir='ltr'>erse</span> 
     </span>
    </p>
   </div>
   <div class='ocr_carea' id='block_1_10' title="bbox 429 2199 967 2379">
    <p class='ocr_par' dir='ltr' id='par_1_11' title="bbox 429 2199 967 2379">
     <span class='ocr_line' id='line_1_22' title="bbox 429 2199 967 2268; baseline 0 -17"><span class='ocrx_word' id='word_1_111' title='bbox 429 2199 544 2253; x_wconf 82' lang='lat' dir='ltr'>nonen</span> <span class='ocrx_word' id='word_1_112' title='bbox 563 2200 664 2256; x_wconf 81' lang='lat' dir='ltr'>sven</span> <span class='ocrx_word' id='word_1_113' title='bbox 683 2200 739 2268; x_wconf 82' lang='lat' dir='ltr'>er</span> <span class='ocrx_word' id='word_1_114' title='bbox 763 2201 846 2255; x_wconf 87' lang='lat' dir='ltr'>svos</span> <span class='ocrx_word' id='word_1_115' title='bbox 864 2199 967 2255; x_wconf 79' lang='lat' dir='ltr'>even</span> 
     </span>
     <span class='ocr_line' id='line_1_23' title="bbox 653 2304 733 2379; baseline -0.013 0"><span class='ocrx_word' id='word_1_116' title='bbox 653 2304 666 2365; x_wconf 88' lang='grc' dir='ltr'>Ι</span> <span class='ocrx_word' id='word_1_117' title='bbox 688 2305 733 2379; x_wconf 78' lang='lat' dir='ltr'>tl)</span> 
     </span>
    </p>
   </div>
   <div class='ocr_carea' id='block_1_11' title="bbox 262 2401 1300 2853">
    <p class='ocr_par' dir='ltr' id='par_1_12' title="bbox 262 2401 1300 2853">
     <span class='ocr_line' id='line_1_24' title="bbox 879 2401 1300 2468; baseline 0.01 -4"><span class='ocrx_word' id='word_1_118' title='bbox 879 2401 932 2464; x_wconf 90' lang='lat' dir='ltr'>sed</span> <span class='ocrx_word' id='word_1_119' title='bbox 948 2403 991 2464; x_wconf 87' lang='lat' dir='ltr'>uti</span> <span class='ocrx_word' id='word_1_120' title='bbox 1006 2409 1086 2464; x_wconf 87' lang='lat' dir='ltr'>serat</span> <span class='ocrx_word' id='word_1_121' title='bbox 1250 2415 1300 2468; x_wconf 80' lang='lat'>244</span> 
     </span>
     <span class='ocr_line' id='line_1_25' title="bbox 369 2486 1120 2567; baseline 0.003 -19"><span class='ocrx_word' id='word_1_122' title='bbox 369 2487 442 2550; x_wconf 78' lang='lat' dir='ltr'>haio</span> <span class='ocrx_word' id='word_1_123' title='bbox 453 2486 603 2567; x_wconf 83' lang='lat' dir='ltr'>legumina</span> <span class='ocrx_word' id='word_1_124' title='bbox 615 2487 678 2549; x_wconf 80' lang='lat' dir='ltr'>irte</span> <span class='ocrx_word' id='word_1_125' title='bbox 688 2486 883 2567; x_wconf 67' lang='lat' dir='ltr'>pompatica,</span> <span class='ocrx_word' id='word_1_126' title='bbox 895 2488 973 2551; x_wconf 90' lang='lat' dir='ltr'>oioer</span> <span class='ocrx_word' id='word_1_127' title='bbox 981 2488 1120 2564; x_wconf 87' lang='lat' dir='ltr'>erviliam,</span> 
     </span>
     <span class='ocr_line' id='line_1_26' title="bbox 369 2573 833 2655; baseline 0.002 -21"><span class='ocrx_word' id='word_1_128' title='bbox 369 2592 404 2636; x_wconf 86' lang='lat' dir='ltr'>ee</span> <span class='ocrx_word' id='word_1_129' title='bbox 418 2573 535 2654; x_wconf 81' lang='lat' dir='ltr'>paregia</span> <span class='ocrx_word' id='word_1_130' title='bbox 550 2573 604 2635; x_wconf 88' lang='lat' dir='ltr'>alia</span> <span class='ocrx_word' id='word_1_131' title='bbox 619 2573 710 2655; x_wconf 84' lang='lat' dir='ltr'>spiria</span> <span class='ocrx_word' id='word_1_132' title='bbox 725 2573 833 2636; x_wconf 85' lang='lat' dir='ltr'>oeteris</span> 
     </span>
     <span class='ocr_line' id='line_1_27' title="bbox 651 2676 737 2754; baseline -0.023 -16"><span class='ocrx_word' id='word_1_133' title='bbox 651 2676 678 2738; x_wconf 94' lang='lat' dir='ltr'>ll</span> <span class='ocrx_word' id='word_1_134' title='bbox 692 2676 737 2754; x_wconf 84' lang='grc'>(2)</span> 
     </span>
     <span class='ocr_line' id='line_1_28' title="bbox 262 2777 1299 2853; baseline 0.005 -12"><span class='ocrx_word' id='word_1_135' title='bbox 262 2779 345 2842; x_wconf 89' lang='lat' dir='ltr'>solus</span> <span class='ocrx_word' id='word_1_136' title='bbox 360 2795 420 2851; x_wconf 84' lang='lat' dir='ltr'>rex,</span> <span class='ocrx_word' id='word_1_137' title='bbox 435 2777 516 2839; x_wconf 90' lang='lat' dir='ltr'>solus</span> <span class='ocrx_word' id='word_1_138' title='bbox 530 2779 644 2849; x_wconf 81' lang='lat' dir='ltr'>rhetor,</span> <span class='ocrx_word' id='word_1_139' title='bbox 657 2777 738 2839; x_wconf 90' lang='lat' dir='ltr'>solus</span> <span class='ocrx_word' id='word_1_140' title='bbox 753 2777 936 2852; x_wconf 87' lang='lat' dir='ltr'>formonsus,</span> <span class='ocrx_word' id='word_1_141' title='bbox 956 2779 1052 2853; x_wconf 83' lang='lat' dir='ltr'>fortis,</span> <span class='ocrx_word' id='word_1_142' title='bbox 1074 2801 1160 2844; x_wconf 85' lang='lat' dir='ltr'>aecus</span> <span class='ocrx_word' id='word_1_143' title='bbox 1181 2783 1226 2844; x_wconf 91' lang='lat' dir='ltr'>vel</span> <span class='ocrx_word' id='word_1_144' title='bbox 1249 2795 1299 2846; x_wconf 83' lang='grc'>245</span> 
     </span>
    </p>
   </div>
   <div class='ocr_carea' id='block_1_12' title="bbox 160 2863 1345 3030">
    <p class='ocr_par' dir='ltr' id='par_1_13' title="bbox 160 2863 1345 3030">
     <span class='ocr_line' id='line_1_29' title="bbox 160 2863 1345 2952; baseline -0.002 -22"><span class='ocrx_word' id='word_1_145' title='bbox 160 2867 199 2930; x_wconf 86' lang='lat' dir='ltr'>ad</span> <span class='ocrx_word' id='word_1_146' title='bbox 219 2865 386 2928; x_wconf 83' lang='lat' dir='ltr'>aedilicium</span> <span class='ocrx_word' id='word_1_147' title='bbox 406 2863 549 2937; x_wconf 87' lang='lat' dir='ltr'>modium,</span> <span class='ocrx_word' id='word_1_148' title='bbox 575 2882 669 2944; x_wconf 87' lang='lat' dir='ltr'>purus</span> <span class='ocrx_word' id='word_1_149' title='bbox 693 2871 800 2944; x_wconf 88' lang='lat' dir='ltr'>putus:</span> <span class='ocrx_word' id='word_1_150' title='bbox 828 2864 854 2925; x_wconf 96' lang='lat' dir='ltr'>si</span> <span class='ocrx_word' id='word_1_151' title='bbox 877 2865 914 2927; x_wconf 90' lang='lat' dir='ltr'>ad</span> <span class='ocrx_word' id='word_1_152' title='bbox 940 2865 1021 2928; x_wconf 91' lang='lat' dir='ltr'>huno</span> <span class='ocrx_word' id='word_1_153' title='bbox 1039 2865 1228 2952; x_wconf 81' lang='grc' dir='ltr'><strong><em>χαρακτῆρα</em></strong></span> <span class='ocrx_word' id='word_1_154' title='bbox 1344 2939 1345 2942; x_wconf 10' lang='lat'>¹</span> 
     </span>
     <span class='ocr_line' id='line_1_30' title="bbox 160 2944 937 3030; baseline -0.005 -13"><span class='ocrx_word' id='word_1_155' title='bbox 160 2944 358 3024; x_wconf 73' lang='grc' dir='ltr'><strong><em>Κλεάνθους</em></strong></span> <span class='ocrx_word' id='word_1_156' title='bbox 371 2950 537 3027; x_wconf 83' lang='lat' dir='ltr'>conveniet,</span> <span class='ocrx_word' id='word_1_157' title='bbox 554 2969 622 3012; x_wconf 88' lang='lat' dir='ltr'>oave</span> <span class='ocrx_word' id='word_1_158' title='bbox 637 2949 770 3030; x_wconf 84' lang='lat' dir='ltr'>attigeris</span> <span class='ocrx_word' id='word_1_159' title='bbox 784 2949 937 3013; x_wconf 89' lang='lat' dir='ltr'>hominem</span> 
     </span>
    </p>
   </div>
   <div class='ocr_carea' id='block_1_13' title="bbox 371 3087 928 3257">
    <p class='ocr_par' dir='ltr' id='par_1_14' title="bbox 371 3087 928 3257">
     <span class='ocr_line' id='line_1_31' title="bbox 516 3087 873 3142; baseline 0 -2"><span class='ocrx_word' id='word_1_160' title='bbox 516 3087 666 3142; x_wconf 81' lang='lat' dir='ltr'><strong>MAGNVM</strong></span> <span class='ocrx_word' id='word_1_161' title='bbox 685 3087 873 3142; x_wconf 75' lang='lat' dir='ltr'>TALnNTVM</span> 
     </span>
     <span class='ocr_line' id='line_1_32' title="bbox 371 3176 928 3257; baseline 0.002 -20"><span class='ocrx_word' id='word_1_162' title='bbox 371 3176 580 3239; x_wconf 80' lang='lat' dir='ltr'>detotondertt</span> <span class='ocrx_word' id='word_1_163' title='bbox 595 3176 758 3257; x_wconf 83' lang='lat' dir='ltr'>forcipibus</span> <span class='ocrx_word' id='word_1_164' title='bbox 773 3176 928 3240; x_wconf 84' lang='lat' dir='ltr'>vitariieris</span> 
     </span>
    </p>
   </div>
   <div class='ocr_carea' id='block_1_14' title="bbox 371 3315 1300 3597">
    <p class='ocr_par' dir='ltr' id='par_1_15' title="bbox 371 3315 1300 3597">
     <span class='ocr_line' id='line_1_33' title="bbox 630 3315 759 3370; baseline 0 -4"><span class='ocrx_word' id='word_1_165' title='bbox 630 3315 759 3370; x_wconf 83' lang='lat' dir='ltr'>MANIVS</span> 
     </span>
     <span class='ocr_line' id='line_1_34' title="bbox 644 3417 743 3495; baseline 0 -16"><span class='ocrx_word' id='word_1_166' title='bbox 644 3419 658 3480; x_wconf 95' lang='lat' dir='ltr'>l</span> <span class='ocrx_word' id='word_1_167' title='bbox 679 3417 743 3495; x_wconf 77' lang='grc'>(22)</span> 
     </span>
     <span class='ocr_line' id='line_1_35' title="bbox 371 3515 1300 3597; baseline 0.001 -19"><span class='ocrx_word' id='word_1_168' title='bbox 371 3519 479 3579; x_wconf 86' lang='lat' dir='ltr'>sternit</span> <span class='ocrx_word' id='word_1_169' title='bbox 493 3517 646 3596; x_wconf 86' lang='lat' dir='ltr'>iuvencus,</span> <span class='ocrx_word' id='word_1_170' title='bbox 663 3517 753 3597; x_wconf 78' lang='lat' dir='ltr'>quim</span> <span class='ocrx_word' id='word_1_171' title='bbox 768 3517 849 3580; x_wconf 90' lang='lat' dir='ltr'>labos</span> <span class='ocrx_word' id='word_1_172' title='bbox 865 3516 985 3580; x_wconf 78' lang='lat' dir='ltr'>mollem</span> <span class='ocrx_word' id='word_1_173' title='bbox 995 3515 1065 3579; x_wconf 85' lang='lat' dir='ltr'>facit</span> <span class='ocrx_word' id='word_1_174' title='bbox 1250 3529 1300 3580; x_wconf 76' lang='lat'>247</span> 
     </span>
    </p>
   </div>
   <div class='ocr_carea' id='block_1_15' title="bbox 163 3688 1229 3828">
    <p class='ocr_par' dir='ltr' id='par_1_16' title="bbox 163 3688 1229 3828">
     <span class='ocr_line' id='line_1_36' title="bbox 232 3688 1228 3759; baseline -0.004 -15"><span class='ocrx_word' id='word_1_175' title='bbox 232 3693 283 3744; x_wconf 88' lang='grc'>240</span> <span class='ocrx_word' id='word_1_176' title='bbox 295 3692 391 3758; x_wconf 76' lang='lat' dir='ltr'>signati</span> <span class='ocrx_word' id='word_1_177' title='bbox 403 3708 477 3744; x_wconf 85' lang='lat' dir='ltr'>soora</span> <span class='ocrx_word' id='word_1_178' title='bbox 489 3691 557 3744; x_wconf 81' lang='lat' dir='ltr'>undo</span> <span class='ocrx_word' id='word_1_179' title='bbox 567 3701 620 3744; x_wconf 84' lang='lat' dir='ltr'>tum</span> <span class='ocrx_word' id='word_1_180' title='bbox 635 3691 738 3759; x_wconf 76' lang='lat' dir='ltr'>Lipsius</span> <span class='ocrx_word' id='word_1_181' title='bbox 747 3689 847 3744; x_wconf 84' lang='lat' dir='ltr'>addidit</span> <span class='ocrx_word' id='word_1_182' title='bbox 858 3688 868 3758; x_wconf 71' lang='lat' dir='ltr'>ll</span> <span class='ocrx_word' id='word_1_183' title='bbox 881 3690 932 3742; x_wconf 89' lang='grc'>244</span> <span class='ocrx_word' id='word_1_184' title='bbox 944 3707 974 3742; x_wconf 84' lang='lat' dir='ltr'>ae</span> <span class='ocrx_word' id='word_1_185' title='bbox 987 3697 1059 3758; x_wconf 83' lang='lat' dir='ltr'>paret</span> <span class='ocrx_word' id='word_1_186' title='bbox 1070 3695 1094 3742; x_wconf 82' lang='lat' dir='ltr'>et</span> <span class='ocrx_word' id='word_1_187' title='bbox 1102 3691 1172 3758; x_wconf 83' lang='lat' dir='ltr'>spioo</span> <span class='ocrx_word' id='word_1_188' title='bbox 1183 3689 1228 3741; x_wconf 86' lang='lat' dir='ltr'>Ge-</span> 
     </span>
     <span class='ocr_line' id='line_1_37' title="bbox 163 3757 1229 3828; baseline -0.003 -15"><span class='ocrx_word' id='word_1_189' title='bbox 163 3759 232 3814; x_wconf 86' lang='lat' dir='ltr'>re&#39;ris</span> <span class='ocrx_word' id='word_1_190' title='bbox 241 3761 307 3812; x_wconf 69' lang='lat' dir='ltr'>anili</span> <span class='ocrx_word' id='word_1_191' title='bbox 318 3764 347 3812; x_wconf 83' lang='lat' dir='ltr'>in</span> <span class='ocrx_word' id='word_1_192' title='bbox 357 3765 467 3812; x_wconf 80' lang='lat' dir='ltr'>mentem</span> <span class='ocrx_word' id='word_1_193' title='bbox 479 3763 545 3812; x_wconf 83' lang='lat' dir='ltr'>verrit</span> <span class='ocrx_word' id='word_1_194' title='bbox 558 3759 566 3828; x_wconf 85' lang='grc' dir='ltr'>ΙΙ</span> <span class='ocrx_word' id='word_1_195' title='bbox 580 3761 629 3812; x_wconf 84' lang='grc'>245</span> <span class='ocrx_word' id='word_1_196' title='bbox 645 3763 693 3812; x_wconf 85' lang='lat' dir='ltr'>hue</span> <span class='ocrx_word' id='word_1_197' title='bbox 709 3763 858 3813; x_wconf 77' lang='lat' dir='ltr'>charactere</span> <span class='ocrx_word' id='word_1_198' title='bbox 875 3760 1030 3828; x_wconf 76' lang='lat' dir='ltr'>Cleopentus</span> <span class='ocrx_word' id='word_1_199' title='bbox 1043 3757 1052 3826; x_wconf 74' lang='lat' dir='ltr'>ll</span> <span class='ocrx_word' id='word_1_200' title='bbox 1065 3760 1115 3812; x_wconf 81' lang='grc'>246</span> <span class='ocrx_word' id='word_1_201' title='bbox 1133 3759 1229 3811; x_wconf 70' lang='lat' dir='ltr'>tortici-</span> 
     </span>
    </p>
   </div>
   <div class='ocr_carea' id='block_1_16' title="bbox 162 3826 1228 3950">
    <p class='ocr_par' dir='ltr' id='par_1_17' title="bbox 162 3826 1228 3950">
     <span class='ocr_line' id='line_1_38' title="bbox 162 3826 1228 3950; baseline -0.005 -68"><span class='ocrx_word' id='word_1_202' title='bbox 162 3834 242 3950; x_wconf 55' lang='grc' dir='ltr'><strong><em>ρρρρώ</em></strong></span> <span class='ocrx_word' id='word_1_203' title='bbox 229 3831 393 3898; x_wconf 68' lang='lat' dir='ltr'>reportabam</span> <span class='ocrx_word' id='word_1_204' title='bbox 408 3827 412 3895; x_wconf 73' lang='lat' dir='ltr'>l</span> <span class='ocrx_word' id='word_1_205' title='bbox 432 3833 515 3880; x_wconf 79' lang='lat' dir='ltr'>metro</span> <span class='ocrx_word' id='word_1_206' title='bbox 531 3835 621 3898; x_wconf 86' lang='lat' dir='ltr'>aptum</span> <span class='ocrx_word' id='word_1_207' title='bbox 633 3829 731 3882; x_wconf 90' lang='lat' dir='ltr'>vinitor</span> <span class='ocrx_word' id='word_1_208' title='bbox 742 3830 812 3881; x_wconf 86' lang='lat' dir='ltr'>vites</span> <span class='ocrx_word' id='word_1_209' title='bbox 825 3827 889 3880; x_wconf 84' lang='lat' dir='ltr'>loris</span> <span class='ocrx_word' id='word_1_210' title='bbox 908 3826 917 3896; x_wconf 77' lang='grc' dir='ltr'>ΙΙ</span> <span class='ocrx_word' id='word_1_211' title='bbox 936 3829 985 3880; x_wconf 74' lang='grc'>242</span> <span class='ocrx_word' id='word_1_212' title='bbox 1002 3829 1093 3880; x_wconf 81' lang='lat' dir='ltr'>stertit</span> <span class='ocrx_word' id='word_1_213' title='bbox 1109 3827 1228 3881; x_wconf 78' lang='lat' dir='ltr'>inventus</span> 
     </span>
     <span class='ocr_line' id='line_1_39' title="bbox 243 3913 290 3950; baseline 0 0"><span class='ocrx_word' id='word_1_214' title='bbox 243 3913 290 3950; x_wconf 77' lang='lat' dir='ltr'>ror</span> 
     </span>
    </p>
   </div>
   <div class='ocr_carea' id='block_1_17' title="bbox 0 0 1428 4348">
    <p class='ocr_par' dir='ltr' id='par_1_18' title="bbox 0 0 1428 4348">
     <span class='ocr_line' id='line_1_40' title="bbox 0 0 1428 4348; baseline 0 0"><span class='ocrx_word' id='word_1_215' title='bbox 0 0 1428 4348; x_wconf 95' lang='lat' dir='ltr'> </span> 
     </span>
    </p>
   </div>
  </div>
 </body>
</html>
