2860 4340
671 85 827 140 vernoun

360 255 449 326 atque
465 244 544 305 inter
557 249 638 302 torto
654 243 810 306 laceratam
826 250 945 322 pectore
960 251 1073 306 vestem
1306 249 1354 303 Lo
1413 273 1418 282 ·

359 329 555 412 sanguineam
570 328 696 390 tremula
713 329 863 408 quatiebat
877 329 1010 408 lampada
1026 331 1137 392 dextra

359 418 431 479 haec
446 424 479 477 ut
495 414 592 494 Cocyti
606 414 746 476 tenebras
761 421 791 476 ct
805 414 925 477 Tartara
939 414 1034 494 liquit,

361 502 416 565 alta
432 501 506 582 petit
520 500 657 578 gradiens
672 500 739 579 iuga
754 499 860 562 nobilis
872 499 1053 579 Appennini,

292 601 342 652 280
359 589 441 650 unde
457 603 562 648 omnes
573 593 668 647 terras
684 593 772 666 atque
784 586 883 648 omnia
898 585 983 650 litera
997 594 1098 666 posset

360 674 490 754 aspicere
501 691 535 733 ac
544 678 609 734 toto
621 671 770 734 fluitantes
782 671 854 734 orbe
865 679 1006 743 catervas,

360 767 449 840 atque
464 759 518 820 has
533 756 664 836 erumpit
679 756 840 819 furibundo
855 764 976 838 pectore
990 776 1092 820 voces:

360 844 489 907 “sumite
501 859 584 905 nunc
599 849 700 921 gentes
715 843 847 905 accensis
862 842 1014 905 mentibus
1029 861 1121 914 arma,

359 931 469 993 sumite
484 929 559 990 etin
574 928 685 991 medias
700 928 853 990 immittite
868 928 1019 1008 lampadas
1035 928 1131 990 urbes.

292 1031 341 1082 285
361 1017 505 1088 vincetur,
522 1013 692 1094 quicunque
708 1014 793 1089 latet;
808 1033 870 1076 non
886 1013 999 1076 femina
1015 1022 1121 1089 cesset,

360 1121 422 1165 non
438 1118 513 1180 puer
528 1106 579 1162 aut
593 1119 665 1162 aevo
680 1100 738 1162 iam
755 1099 885 1162 desolata
900 1107 1055 1174 senectus3

360 1188 548 1268 ipsa-tremat
563 1185 650 1246 tellus
662 1184 847 1265 lacerataque
862 1193 940 1248 tecta
955 1185 1107 1248 rebellent,

360 1282 394 1334 tu
410 1273 516 1351 legem,
531 1270 675 1342 Marcelle,
690 1279 769 1334 tene.
793 1279 827 1332 tu
843 1279 970 1334 concute
981 1271 1109 1351 plebem,

166 1433 180 1443 ,
361 1358 458 1421 Curio.
491 1363 525 1418 tu
538 1355 646 1418 fortem
662 1375 701 1418 ne
715 1357 877 1437 supprime,
893 1356 1027 1431 Lentule,
1042 1357 1175 1418 Martem,

293 1461 343 1512 290
362 1443 433 1524 quid
448 1461 537 1523 porro
553 1450 597 1515 tu,
613 1442 688 1517 dive,
703 1443 763 1504 tuis
778 1443 925 1505 cunctaris
941 1442 973 1503 in
987 1442 1089 1516 armis,
1163 1491 1171 1507 .

360 1546 423 1591 non
436 1527 550 1607 frangis
564 1535 675 1608 portas,
690 1546 752 1590 non
768 1528 862 1590 muris
877 1528 986 1608 oppida
999 1529 1089 1590 solvis

361 1617 577 1694 thesaurosque
592 1611 694 1694 rapis?
716 1613 813 1676 nescis
828 1620 871 1688 tu,
887 1612 1001 1692 blegne,
1018 1614 1096 1676 tueri

360 1703 510 1763 Romanas
525 1697 630 1761 arces?
653 1699 811 1780 Epidamni
827 1699 945 1762 moenia
961 1716 1070 1778 quaere

360 1785 607 1866 Thessalicosque
622 1786 706 1847 sinus
721 1787 853 1847 humano
869 1784 1012 1864 sanguine
1026 1779 1156 1864 tingue.’'

293 1887 342 1938 295
400 1873 511 1935 factum
528 1872 620 1933 estin
634 1871 731 1943 terris,
747 1870 888 1951 quioquid
900 1870 1052 1933 Discordia
1065 1865 1160 1932 iussit’

741 1975 760 2011 ib

307 2061 376 2102 cum
390 2042 464 2103 haec
478 2040 640 2120 Eumolpos
655 2040 770 2118 ingenti
785 2040 969 2102 volubilitate
990 2039 1149 2104 verborum
1165 2041 1291 2104 effudis-

222 2134 277 2201 set,
292 2127 414 2188 tandem
430 2125 558 2188 Crotona
572 2125 755 2188 intravimus.
789 2125 842 2186 ubi
864 2126 985 2205 quidem
1007 2144 1098 2207 parvo
1121 2127 1291 2188 deversorio

221 2211 334 2283 refecti,
348 2217 468 2291 postero
481 2211 528 2271 die
541 2210 693 2291 amplioris
706 2215 844 2273 fortunae
856 2212 979 2272 domurn
992 2219 1170 2292 quaerentes
1182 2212 1290 2274 incidi-

222 2313 289 2358 mus
306 2299 336 2358 in
350 2297 469 2359 turbam
485 2296 725 2377 heredipetarum
741 2297 964 2371 sciscitantium,
985 2299 1065 2377 quod
1081 2315 1176 2376 genus
1190 2297 1291 2358 homi-

222 2402 294 2444 num
311 2390 362 2444 aut
376 2384 456 2444 unde
472 2382 652 2444 veniremus.
686 2402 722 2444 ex
736 2381 919 2462 praescripto
935 2401 1005 2463 ergo
1021 2382 1138 2446 consilii
1153 2399 1290 2445 commu·
1310 2410 1326 2458 5

222 2468 268 2530 nis
277 2475 447 2548 exaggerata
459 2468 619 2530 verberum
632 2468 822 2541 volubilitate,
838 2469 919 2529 unde
931 2477 984 2530 aut
992 2469 1043 2549 qui
1051 2487 1194 2543 essemus,
1210 2470 1292 2531 haud

223 2554 311 2616 dubie
328 2554 515 2617 credentibus
535 2553 740 2617 indicavimus.
761 2551 764 2638 l
785 2553 835 2634 qui
861 2553 962 2615 statim
986 2574 1059 2635 opes
1080 2573 1149 2618 suas
1171 2565 1331 2618 summat

223 2659 290 2702 cum
308 2641 472 2703 certamine
486 2641 518 2701 in
533 2640 715 2720 Eumolpum
730 2649 955 2718 congesserunt.

308 2727 441 2788 certatim
469 2744 574 2788 omnes
589 2726 782 2804 heredipetae
803 2725 980 2790 muneribus
1003 2726 1125 2806 gratiam
1153 2724 1292 2807 Eumolpi

222 2805 380 2874 sollicitant
1312 2815 1345 2865 lu

562 2901 564 2906 ⁸
742 2903 761 2940 tt

155 2963 213 3026 125
313 2965 384 3026 dum
400 2965 474 3026 haee
488 2982 596 3042 magno
611 2972 746 3044 ternpore
762 2964 890 3027 Crotone
906 2973 1034 3045 aguntur

225 3059 255 3112 et
269 3051 435 3129 Eumolpus
450 3049 589 3112 felicitate
610 3051 718 3131 plenus
733 3050 841 3132 prioris
856 3055 995 3112 fortunae
1010 3057 1090 3112 esset
1105 3049 1214 3112 oblitus
1229 3057 1292 3112 sta-

224 3144 289 3198 tum
305 3137 388 3210 adeo,
404 3142 438 3197 ut
454 3134 517 3196 suis
532 3135 665 3206 iactaret,
681 3135 833 3198 neminem
856 3135 967 3215 gratiae
988 3155 1059 3197 suae
1078 3134 1120 3197 ibi
1141 3153 1229 3216 posse
1244 3153 1292 3196 re-

225 3222 331 3284 sistere
346 3222 530 3302 impuneque
546 3239 625 3293 suos,
641 3221 667 3283 si
683 3221 754 3302 quid
766 3221 961 3303 deliquissent
976 3222 1007 3283 in
1023 3240 1056 3282 ea
1071 3220 1156 3294 urbe,
1177 3219 1291 3282 benefi-

225 3309 270 3369 cio
285 3307 449 3369 amicorum
466 3308 589 3370 laturos.
623 3314 755 3368 ceterum
772 3326 835 3387 ego,
853 3307 909 3370 etsi
925 3306 1056 3387 quotidie
1071 3305 1164 3386 magis
1180 3305 1293 3386 magis-
1314 3318 1344 3368 15
1424 3323 1425 3356 t

225 3413 283 3474 que
298 3394 551 3473 superfluentibus
567 3392 655 3454 honis
670 3393 837 3472 saginatum
861 3411 969 3473 corpus
990 3393 1181 3472 impleveram
1205 3400 1295 3472 puta-

223 3479 353 3560 bamque
373 3497 389 3539 a
413 3480 548 3542 custodia
574 3478 633 3541 mei
658 3478 822 3540 removisse
847 3478 962 3540 vultum
986 3479 1164 3552 Fortunam,
1191 3486 1294 3540 tamen

223 3565 340 3644 saepius
355 3571 417 3626 tam
438 3565 684 3626 consuetudinem
700 3583 796 3626 meam
813 3564 977 3644 cogitabam
1001 3583 1090 3644 quern
1114 3582 1241 3638 oausam,
1266 3571 1295 3625 et

293 3717 343 3766 277
354 3715 492 3780 sanguinea
502 3715 636 3766 tremulam
648 3713 789 3768 Sambucue
802 3715 811 3785 ll
824 3716 873 3766 293
883 3714 953 3767 acies
969 3714 973 3783 Ι
988 3716 1089 3767 nomina
1104 3714 1124 3766 0
1138 3713 1142 3781 Ι
1157 3715 1291 3780 Equidem]

225 3786 285 3836 haee
296 3789 322 3834 et
336 3787 459 3852 promimu
470 3783 606 3851 depravata
621 3785 654 3834 ab
665 3788 839 3852 epitomatore,
857 3783 923 3836 volut
939 3786 980 3835 hie
996 3785 1102 3852 primurn
1120 3783 1147 3834 in
1162 3785 1293 3850 umagen-

226 3852 295 3920 du‘m,
307 3854 322 3904 6
336 3852 470 3905 resecanda
482 3854 591 3919 quiaque
602 3853 725 3905 uocabula
739 3853 743 3920 l
762 3854 791 3906 1³
804 3853 867 3920 suis]
878 3853 985 3906 subinde
996 3853 1126 3904 [ambolus
