2860 4340
591 175 733 263 surtran

62 334 109 386 Lo
204 349 261 393 nec
271 331 397 392 satiatus
413 338 484 393 erat.
507 329 636 410 gravidis
650 331 727 394 freta
742 332 826 412 pulsa
842 332 949 394 carinis
1053 365 1055 370 ·

202 416 264 478 iam
279 416 512 497 peragebantum
528 416 554 477 si
570 417 636 496 quis
651 417 735 480 sinus
750 417 867 480 abditus
882 419 969 492 ultra,

203 503 230 564 si
245 519 304 584 qua
318 502 396 565 foret
410 502 508 580 tellus,
524 521 602 584 quae
617 503 731 566 fulvum
745 504 876 566 mitteret
887 522 1004 578 aurum,
1073 519 1088 567 5

202 588 301 650 bostis
317 596 388 664 erat,
404 589 532 668 fatisque
547 589 579 650 in
594 587 690 652 tristia
703 589 779 654 bella
794 590 904 671 paratis

204 675 423 753 quaerebantur
438 693 519 755 opes.
542 692 605 736 non
621 675 708 755 strigo
724 684 795 740 nota
809 675 964 756 placebant

202 759 320 838 gaudia,
336 777 399 821 non
414 777 472 823 usa
482 759 597 841 plebeio
612 761 681 828 trita
695 763 842 843 voluptas.

204 865 255 908 aes
270 845 485 926 Ephyreiacum
500 845 638 909 laudabat
654 847 738 910 miles
753 848 785 910 in
800 848 896 925 unda;

203 931 356 1010 quaesitus
370 932 478 995 tellure
492 931 574 994 nitor
588 939 749 1000 certaverat
763 944 863 1008 ostro,
1075 948 1105 1001 to

202 1017 275 1081 binc
290 1016 437 1081 Numidae
453 1025 602 1092 accusant,
617 1018 697 1080 illinc
708 1038 783 1082 nova
799 1019 906 1081 vellera
922 1018 1019 1092 Seres,

155 1169 163 1179 ,
203 1111 292 1183 atque
304 1102 436 1166 Arabum
451 1103 578 1184 populus
593 1121 647 1166 sua
661 1105 875 1185 despoliaverat
886 1124 966 1168 arva.

203 1207 271 1251 cccc
285 1189 358 1251 aliae
373 1189 470 1252 clades
486 1196 516 1252 et
529 1191 626 1252 laesae
640 1191 762 1253 vulnera
777 1192 868 1272 pacis.

203 1275 358 1355 quaeritur
372 1275 404 1336 in
419 1275 499 1338 silvis
514 1293 586 1339 auro
597 1278 670 1349 fera,
686 1285 717 1338 ct
731 1278 853 1340 ultimus
868 1276 1019 1341 Hammon

203 1361 344 1423 Afrorum
360 1362 517 1435 excutitur,
532 1380 571 1424 nc
586 1362 664 1425 desit
678 1362 765 1426 b'elua
780 1365 871 1428 dente
886 1369 888 1372 ’
1074 1379 1105 1428 15

204 1447 241 1510 ad
256 1455 369 1508 mortes
383 1446 529 1527 pretiosa;
544 1448 638 1510 lamcs
652 1450 764 1528 premit
778 1450 892 1512 advena
904 1450 1011 1512 classes

203 1533 289 1612 tigris
305 1542 334 1595 et
349 1541 451 1596 aurata
465 1533 603 1614 gradiens
618 1543 751 1598 vectatur
765 1537 797 1598 in
813 1537 889 1609 aula,

205 1627 239 1682 ut
253 1618 335 1681 bibat
350 1619 515 1682 humanum
530 1622 640 1700 populo
655 1620 817 1702 plaudente
832 1638 980 1685 cruorem.

204 1705 274 1778 beu,
287 1705 381 1784 pudet
395 1705 478 1768 effari
493 1705 686 1787 perituraque
700 1709 828 1786 prodere
842 1709 910 1778 iata,

204 1789 363 1874 i'ersarum
378 1790 439 1852 ritu
453 1791 531 1853 male
545 1793 777 1871 pubescentibus
791 1794 878 1856 annis
1074 1809 1106 1860 rc

204 1875 377 1956 surripuere
393 1876 472 1939 viros
487 1885 664 1957 exsectaque
679 1879 793 1940 viscera
808 1880 889 1940 ferro

203 1961 236 2023 in
251 1977 391 2023 venerem
407 1963 532 2042 fregere,
551 1971 639 2043 atque
655 1971 689 2025 ut
703 1965 770 2044 fuga
786 1964 893 2026 nobilis
908 1963 971 2024 aevi

204 2047 427 2144 circumscripta
442 2066 527 2110 mora
541 2058 736 2128 properantes
753 2051 869 2114 differat
884 2067 989 2120 annos,

205 2133 321 2213 quaerit
335 2151 368 2194 se
383 2140 489 2196 natura
501 2151 557 2197 nec
571 2134 693 2198 invenit
729 2137 867 2199 omnibus
884 2154 954 2216 ergo

204 2227 302 2280 scorta
316 2219 433 2298 placent
448 2220 592 2300 fractique
608 2221 710 2284 enervi
724 2240 849 2302 corpore
863 2237 984 2318 gressus
1073 2235 1106 2285 25

206 2311 236 2365 et
251 2303 311 2365 lari
323 2303 422 2366 onnes
439 2311 469 2366 et
483 2312 530 2366 tot
545 2324 622 2368 nova
636 2308 759 2369 nomina
776 2308 875 2379 vestis,

205 2407 341 2470 quaeque
356 2389 452 2453 virum
469 2398 625 2470 quaerunt
649 2411 716 2454 ecce
731 2392 809 2455 Afris
826 2403 910 2457 eruta
925 2393 1013 2455 terris

204 2473 328 2554 ponitur
344 2494 378 2538 ao
389 2477 513 2538 maculis
527 2477 661 2539 imitatur
674 2475 760 2539 vilius
776 2497 882 2540 aurum
1075 2491 1108 2540 29

206 2559 298 2623 citrea
312 2579 417 2624 mensa
430 2579 534 2642 greges
550 2580 703 2624 servorum
717 2570 893 2644 ostrumque
907 2562 1057 2633 renidens,
1076 2577 1109 2626 28

204 2663 280 2726 quae
290 2664 412 2708 sensum
420 2648 527 2710 trabat.
537 2649 594 2710 boc
601 2648 701 2710 sterile
709 2667 744 2709 ac
753 2649 829 2712 male
838 2649 937 2712 nobile
944 2649 1057 2728 lignum
1076 2663 1109 2713 30

205 2731 292 2794 turba
307 2733 422 2814 sepulta
437 2751 521 2796 mero
536 2735 646 2796 circum
661 2733 752 2808 venit,
768 2735 926 2815 omniaque
942 2733 1022 2797 orbis

205 2818 339 2897 praemia
355 2819 501 2899 corruptis
517 2819 601 2882 miles
618 2838 708 2898 vagus
724 2821 818 2882 esurit
833 2821 934 2883 armis.

204 2903 362 2982 ingeniosa
376 2904 443 2983 gula
459 2913 514 2967 est.
546 2905 645 2976 Siculo
661 2925 761 2969 scarus
777 2925 907 2987 aequore
923 2923 1039 2968 mersus

206 2989 244 3051 ad
259 3007 396 3051 mensam
410 2989 495 3053 vivus
510 2991 693 3071 perducitur,
708 3000 798 3072 atque
813 2992 950 3055 Lucrinis

207 3081 292 3137 eruta
306 3074 443 3138 litoribus
460 3076 595 3139 vendunt
610 3077 764 3158 conchylia
779 3097 875 3151 cenas,
1076 3089 1109 3139 35

207 3166 241 3222 ut
255 3170 401 3224 renovent
415 3179 470 3242 per
485 3164 594 3226 damna
605 3163 724 3227 famem.
747 3163 807 3225 iam
823 3163 967 3226 Phasidos
978 3163 1058 3224 unda
1103 3187 1107 3194 ·

207 3245 308 3309 orbata
324 3254 369 3309 est
384 3248 495 3320 avibus,
512 3257 655 3329 mutoque
669 3249 702 3310 in
716 3249 803 3311 litore
818 3257 937 3312 tantum
1019 3273 1022 3281 ’
1041 3293 1044 3298 -

207 3330 286 3393 solae
302 3331 430 3396 desertis
445 3334 598 3415 adspirant
611 3334 766 3398 trondibus
782 3353 879 3398 aurae.

207 3435 266 3480 nec
280 3417 381 3481 minor
395 3418 426 3481 in
442 3438 547 3500 campo
563 3420 648 3484 furor
662 3428 717 3491 est,
732 3422 885 3502 emptique
900 3420 1031 3494 Quirites

207 3503 243 3566 ad
258 3504 400 3584 praedam
415 3505 632 3587 strepitumque
646 3507 722 3568 lucri
736 3507 873 3587 suffragia
888 3514 1016 3569 vertunt.
1078 3520 1112 3570 4ο

207 3590 319 3652 venalis
334 3591 471 3671 poprdus,
486 3592 596 3655 venalis
612 3592 693 3654 curia
708 3599 837 3702 patrum,

198 3741 267 3808 bcpp
251 3739 439 3862 precumbll
436 3743 569 3796 Numidae
572 3751 673 3796 crustas
691 3743 805 3810 Scaliger
817 3741 826 3812 11
843 3745 872 3796 14
890 3744 962 3796 cireo
973 3743 1004 3796 H.
1020 3741 1082 3810 Stap
1082 3742 1166 3792 danna
1178 3740 1187 3812 11

132 3815 266 3867 discreta
278 3811 362 3863 Brouc
395 3809 1006 3880 nabar{119lactadnmnnnnusil2illoxaetaque
1021 3757 1201 3880 011122ωο11-

130 3881 164 3936 lis
181 3877 263 3932 σοάσω
279 3877 447 3932 Monacensis.
463 3885 526 3949 puto
543 3883 637 3933 nubilis
658 3880 662 3949 1
678 3899 741 3934 aevo
761 3879 849 3950 0129
867 3881 962 3932 vilibus
975 3882 1031 3947 1128
1049 3897 1127 3933 aurea
1139 3882 1151 3944 11
1168 3881 1200 3932 30

130 3953 236 4004 trabant
249 3947 258 4016 1
278 3949 309 4000 32
326 3950 451 4016 correptis
467 3955 470 4018 1
493 3952 591 4002 extruit
609 3949 722 4003 nonnulli
732 3965 767 4002 en
779 3947 820 4020 01
839 3949 870 4001 37
884 3959 984 4002 cantum
997 3949 1145 4004 Palmerdne

985 4043 1018 4094 5*
